time,volume,mid_o,mid_h,mid_l,mid_c,bid_o,bid_h,bid_l,bid_c,ask_o,ask_h,ask_l,ask_c
2023-07-21T19:00:20.000000000Z,2,1.11242,1.11242,1.11239,1.11239,1.11234,1.11234,1.11231,1.11231,1.11250,1.11250,1.11247,1.11247
2023-07-21T19:00:25.000000000Z,2,1.11240,1.11240,1.11239,1.11239,1.11232,1.11232,1.11231,1.11231,1.11247,1.11247,1.11247,1.11247
2023-07-21T19:00:30.000000000Z,7,1.11238,1.11240,1.11238,1.11240,1.11230,1.11232,1.11230,1.11232,1.11245,1.11247,1.11245,1.11247
2023-07-21T19:00:35.000000000Z,16,1.11239,1.11240,1.11238,1.11240,1.11231,1.11232,1.11230,1.11232,1.11247,1.11247,1.11245,1.11247
2023-07-21T19:00:40.000000000Z,10,1.11239,1.11240,1.11238,1.11240,1.11231,1.11232,1.11230,1.11232,1.11247,1.11247,1.11245,1.11247
2023-07-21T19:00:45.000000000Z,7,1.11238,1.11240,1.11238,1.11238,1.11230,1.11232,1.11230,1.11230,1.11245,1.11247,1.11245,1.11245
2023-07-21T19:00:50.000000000Z,17,1.11239,1.11244,1.11238,1.11239,1.11232,1.11236,1.11230,1.11231,1.11246,1.11251,1.11245,1.11247
2023-07-21T19:00:55.000000000Z,8,1.11238,1.11244,1.11238,1.11244,1.11230,1.11236,1.11230,1.11236,1.11245,1.11251,1.11245,1.11251
2023-07-21T19:01:05.000000000Z,4,1.11243,1.11243,1.11240,1.11240,1.11236,1.11236,1.11232,1.11232,1.11250,1.11250,1.11248,1.11248
2023-07-21T19:01:10.000000000Z,4,1.11236,1.11239,1.11235,1.11239,1.11229,1.11231,1.11227,1.11231,1.11244,1.11247,1.11243,1.11247
2023-07-21T19:01:15.000000000Z,7,1.11238,1.11239,1.11238,1.11238,1.11230,1.11231,1.11230,1.11230,1.11245,1.11247,1.11245,1.11245
2023-07-21T19:01:20.000000000Z,6,1.11239,1.11239,1.11238,1.11238,1.11231,1.11231,1.11230,1.11230,1.11247,1.11247,1.11245,1.11245
2023-07-21T19:01:25.000000000Z,3,1.11239,1.11239,1.11238,1.11238,1.11232,1.11232,1.11230,1.11230,1.11246,1.11247,1.11245,1.11245
2023-07-21T19:01:30.000000000Z,6,1.11239,1.11240,1.11238,1.11238,1.11232,1.11232,1.11230,1.11231,1.11246,1.11247,1.11245,1.11245
2023-07-21T19:01:35.000000000Z,5,1.11239,1.11240,1.11238,1.11238,1.11232,1.11232,1.11230,1.11230,1.11246,1.11247,1.11245,1.11245
2023-07-21T19:01:40.000000000Z,12,1.11240,1.11240,1.11234,1.11236,1.11232,1.11232,1.11227,1.11228,1.11247,1.11247,1.11241,1.11243
2023-07-21T19:01:45.000000000Z,9,1.11234,1.11240,1.11234,1.11240,1.11227,1.11232,1.11227,1.11232,1.11241,1.11247,1.11241,1.11247
2023-07-21T19:01:50.000000000Z,11,1.11239,1.11244,1.11239,1.11244,1.11232,1.11236,1.11232,1.11236,1.11246,1.11251,1.11246,1.11251
2023-07-21T19:02:00.000000000Z,8,1.11242,1.11244,1.11240,1.11240,1.11234,1.11236,1.11232,1.11232,1.11249,1.11251,1.11248,1.11248
2023-07-21T19:02:05.000000000Z,9,1.11240,1.11240,1.11239,1.11239,1.11233,1.11233,1.11232,1.11232,1.11248,1.11248,1.11246,1.11246
2023-07-21T19:02:10.000000000Z,10,1.11240,1.11240,1.11238,1.11239,1.11232,1.11232,1.11230,1.11231,1.11247,1.11247,1.11245,1.11247
2023-07-21T19:02:15.000000000Z,5,1.11238,1.11239,1.11238,1.11238,1.11230,1.11231,1.11230,1.11230,1.11245,1.11247,1.11245,1.11245
2023-07-21T19:02:20.000000000Z,2,1.11236,1.11236,1.11234,1.11234,1.11228,1.11228,1.11226,1.11226,1.11243,1.11243,1.11241,1.11241
2023-07-21T19:02:25.000000000Z,5,1.11232,1.11232,1.11229,1.11230,1.11224,1.11224,1.11222,1.11222,1.11240,1.11240,1.11236,1.11238
2023-07-21T19:02:30.000000000Z,7,1.11234,1.11234,1.11230,1.11230,1.11226,1.11226,1.11222,1.11222,1.11241,1.11241,1.11237,1.11237
2023-07-21T19:02:35.000000000Z,2,1.11229,1.11230,1.11229,1.11230,1.11222,1.11222,1.11222,1.11222,1.11236,1.11237,1.11236,1.11237
2023-07-21T19:02:45.000000000Z,4,1.11231,1.11231,1.11230,1.11230,1.11223,1.11223,1.11222,1.11223,1.11239,1.11239,1.11237,1.11238
2023-07-21T19:02:50.000000000Z,6,1.11231,1.11231,1.11230,1.11230,1.11223,1.11223,1.11222,1.11222,1.11239,1.11239,1.11237,1.11237
2023-07-21T19:02:55.000000000Z,4,1.11231,1.11231,1.11229,1.11230,1.11223,1.11223,1.11222,1.11222,1.11239,1.11239,1.11236,1.11238
2023-07-21T19:03:00.000000000Z,3,1.11230,1.11230,1.11229,1.11229,1.11223,1.11223,1.11222,1.11222,1.11238,1.11238,1.11236,1.11236
2023-07-21T19:03:05.000000000Z,4,1.11227,1.11230,1.11227,1.11230,1.11219,1.11223,1.11219,1.11222,1.11235,1.11237,1.11235,1.11237
2023-07-21T19:03:10.000000000Z,5,1.11229,1.11230,1.11228,1.11230,1.11222,1.11223,1.11220,1.11222,1.11236,1.11237,1.11236,1.11237
2023-07-21T19:03:15.000000000Z,3,1.11231,1.11231,1.11230,1.11231,1.11223,1.11223,1.11223,1.11223,1.11239,1.11239,1.11238,1.11239
2023-07-21T19:03:20.000000000Z,3,1.11232,1.11232,1.11230,1.11232,1.11225,1.11225,1.11223,1.11225,1.11240,1.11240,1.11238,1.11240
2023-07-21T19:03:30.000000000Z,12,1.11231,1.11232,1.11230,1.11232,1.11224,1.11225,1.11222,1.11225,1.11238,1.11240,1.11237,1.11239
2023-07-21T19:03:35.000000000Z,12,1.11232,1.11234,1.11232,1.11234,1.11225,1.11227,1.11225,1.11226,1.11240,1.11242,1.11239,1.11242
2023-07-21T19:03:40.000000000Z,5,1.11237,1.11238,1.11236,1.11238,1.11230,1.11230,1.11229,1.11230,1.11244,1.11246,1.11244,1.11246
2023-07-21T19:03:45.000000000Z,9,1.11236,1.11240,1.11236,1.11239,1.11229,1.11233,1.11229,1.11232,1.11244,1.11248,1.11244,1.11246
2023-07-21T19:03:50.000000000Z,5,1.11240,1.11240,1.11239,1.11240,1.11232,1.11232,1.11231,1.11232,1.11247,1.11247,1.11246,1.11247
2023-07-21T19:03:55.000000000Z,3,1.11239,1.11240,1.11239,1.11239,1.11231,1.11233,1.11231,1.11231,1.11247,1.11248,1.11247,1.11247
2023-07-21T19:04:00.000000000Z,6,1.11240,1.11240,1.11230,1.11230,1.11233,1.11233,1.11222,1.11222,1.11248,1.11248,1.11238,1.11238
2023-07-21T19:04:05.000000000Z,4,1.11229,1.11230,1.11229,1.11230,1.11222,1.11222,1.11222,1.11222,1.11236,1.11237,1.11236,1.11237
2023-07-21T19:04:10.000000000Z,3,1.11231,1.11231,1.11230,1.11230,1.11223,1.11223,1.11222,1.11222,1.11239,1.11239,1.11238,1.11238
2023-07-21T19:04:15.000000000Z,1,1.11228,1.11228,1.11228,1.11228,1.11221,1.11221,1.11221,1.11221,1.11236,1.11236,1.11236,1.11236
2023-07-21T19:04:20.000000000Z,1,1.11230,1.11230,1.11230,1.11230,1.11222,1.11222,1.11222,1.11222,1.11238,1.11238,1.11238,1.11238
2023-07-21T19:04:35.000000000Z,2,1.11232,1.11232,1.11230,1.11230,1.11224,1.11224,1.11223,1.11223,1.11240,1.11240,1.11238,1.11238
2023-07-21T19:04:40.000000000Z,5,1.11232,1.11232,1.11229,1.11229,1.11224,1.11224,1.11222,1.11222,1.11240,1.11240,1.11236,1.11236
2023-07-21T19:04:45.000000000Z,7,1.11227,1.11228,1.11227,1.11227,1.11219,1.11220,1.11219,1.11219,1.11235,1.11235,1.11235,1.11235
2023-07-21T19:04:50.000000000Z,4,1.11228,1.11228,1.11224,1.11225,1.11221,1.11221,1.11216,1.11217,1.11236,1.11236,1.11231,1.11233
2023-07-21T19:04:55.000000000Z,6,1.11224,1.11225,1.11224,1.11225,1.11216,1.11217,1.11216,1.11217,1.11231,1.11233,1.11231,1.11233
2023-07-21T19:05:00.000000000Z,5,1.11222,1.11223,1.11222,1.11222,1.11215,1.11216,1.11215,1.11215,1.11230,1.11231,1.11229,1.11230
2023-07-21T19:05:05.000000000Z,2,1.11223,1.11223,1.11222,1.11222,1.11216,1.11216,1.11215,1.11215,1.11230,1.11230,1.11230,1.11230
2023-07-21T19:05:10.000000000Z,1,1.11223,1.11223,1.11223,1.11223,1.11216,1.11216,1.11216,1.11216,1.11230,1.11230,1.11230,1.11230
2023-07-21T19:05:15.000000000Z,4,1.11222,1.11223,1.11222,1.11223,1.11215,1.11216,1.11215,1.11216,1.11230,1.11230,1.11230,1.11230
2023-07-21T19:05:20.000000000Z,10,1.11222,1.11227,1.11222,1.11224,1.11215,1.11220,1.11215,1.11217,1.11230,1.11234,1.11230,1.11232
2023-07-21T19:05:25.000000000Z,10,1.11225,1.11225,1.11224,1.11224,1.11217,1.11217,1.11216,1.11217,1.11233,1.11233,1.11231,1.11231
2023-07-21T19:05:30.000000000Z,5,1.11224,1.11224,1.11224,1.11224,1.11216,1.11217,1.11216,1.11216,1.11231,1.11231,1.11231,1.11231
2023-07-21T19:05:35.000000000Z,18,1.11225,1.11226,1.11224,1.11224,1.11217,1.11219,1.11217,1.11217,1.11233,1.11234,1.11231,1.11231
2023-07-21T19:05:40.000000000Z,10,1.11224,1.11225,1.11222,1.11225,1.11217,1.11217,1.11215,1.11217,1.11232,1.11233,1.11230,1.11233
2023-07-21T19:05:45.000000000Z,6,1.11222,1.11224,1.11222,1.11224,1.11215,1.11217,1.11215,1.11217,1.11230,1.11232,1.11230,1.11231
2023-07-21T19:05:50.000000000Z,1,1.11224,1.11224,1.11224,1.11224,1.11216,1.11216,1.11216,1.11216,1.11231,1.11231,1.11231,1.11231
2023-07-21T19:05:55.000000000Z,5,1.11223,1.11223,1.11219,1.11220,1.11215,1.11215,1.11211,1.11212,1.11231,1.11231,1.11227,1.11227
2023-07-21T19:06:00.000000000Z,6,1.11219,1.11220,1.11218,1.11218,1.11212,1.11212,1.11210,1.11210,1.11226,1.11227,1.11225,1.11225
2023-07-21T19:06:05.000000000Z,11,1.11219,1.11219,1.11215,1.11215,1.11211,1.11211,1.11207,1.11207,1.11227,1.11227,1.11223,1.11223
2023-07-21T19:06:10.000000000Z,5,1.11217,1.11217,1.11214,1.11214,1.11209,1.11209,1.11206,1.11206,1.11225,1.11225,1.11222,1.11222
2023-07-21T19:06:30.000000000Z,4,1.11214,1.11214,1.11213,1.11213,1.11206,1.11207,1.11205,1.11205,1.11221,1.11222,1.11221,1.11221
2023-07-21T19:06:40.000000000Z,1,1.11214,1.11214,1.11214,1.11214,1.11207,1.11207,1.11207,1.11207,1.11222,1.11222,1.11222,1.11222
2023-07-21T19:06:45.000000000Z,2,1.11219,1.11219,1.11216,1.11216,1.11211,1.11211,1.11209,1.11209,1.11227,1.11227,1.11224,1.11224
2023-07-21T19:06:50.000000000Z,8,1.11217,1.11220,1.11217,1.11220,1.11209,1.11212,1.11209,1.11212,1.11225,1.11227,1.11225,1.11227
2023-07-21T19:06:55.000000000Z,1,1.11218,1.11218,1.11218,1.11218,1.11210,1.11210,1.11210,1.11210,1.11225,1.11225,1.11225,1.11225
2023-07-21T19:07:00.000000000Z,1,1.11218,1.11218,1.11218,1.11218,1.11210,1.11210,1.11210,1.11210,1.11226,1.11226,1.11226,1.11226
2023-07-21T19:07:15.000000000Z,4,1.11220,1.11220,1.11219,1.11219,1.11212,1.11213,1.11211,1.11211,1.11227,1.11227,1.11227,1.11227
2023-07-21T19:07:20.000000000Z,1,1.11217,1.11217,1.11217,1.11217,1.11209,1.11209,1.11209,1.11209,1.11225,1.11225,1.11225,1.11225
2023-07-21T19:07:25.000000000Z,6,1.11216,1.11219,1.11214,1.11214,1.11209,1.11211,1.11207,1.11207,1.11224,1.11227,1.11222,1.11222
2023-07-21T19:07:35.000000000Z,4,1.11219,1.11219,1.11214,1.11214,1.11211,1.11211,1.11207,1.11207,1.11227,1.11227,1.11222,1.11222
2023-07-21T19:07:40.000000000Z,4,1.11216,1.11216,1.11212,1.11213,1.11209,1.11209,1.11205,1.11206,1.11223,1.11223,1.11220,1.11220
2023-07-21T19:07:45.000000000Z,6,1.11212,1.11212,1.11208,1.11208,1.11204,1.11204,1.11200,1.11200,1.11220,1.11220,1.11216,1.11216
2023-07-21T19:08:00.000000000Z,4,1.11208,1.11208,1.11206,1.11206,1.11200,1.11200,1.11198,1.11198,1.11217,1.11217,1.11214,1.11214
2023-07-21T19:08:05.000000000Z,3,1.11204,1.11205,1.11204,1.11204,1.11196,1.11197,1.11196,1.11196,1.11211,1.11213,1.11211,1.11211
2023-07-21T19:08:10.000000000Z,7,1.11205,1.11206,1.11204,1.11204,1.11198,1.11198,1.11196,1.11196,1.11212,1.11213,1.11211,1.11211
2023-07-21T19:08:15.000000000Z,4,1.11205,1.11206,1.11204,1.11205,1.11197,1.11198,1.11196,1.11197,1.11213,1.11213,1.11211,1.11213
2023-07-21T19:08:20.000000000Z,3,1.11204,1.11205,1.11204,1.11204,1.11196,1.11197,1.11196,1.11196,1.11211,1.11213,1.11211,1.11211
2023-07-21T19:08:25.000000000Z,4,1.11205,1.11206,1.11204,1.11205,1.11197,1.11198,1.11196,1.11198,1.11213,1.11213,1.11211,1.11212
2023-07-21T19:08:30.000000000Z,1,1.11204,1.11204,1.11204,1.11204,1.11197,1.11197,1.11197,1.11197,1.11211,1.11211,1.11211,1.11211
2023-07-21T19:09:15.000000000Z,4,1.11204,1.11204,1.11204,1.11204,1.11196,1.11196,1.11196,1.11196,1.11212,1.11212,1.11211,1.11211
2023-07-21T19:09:20.000000000Z,2,1.11205,1.11205,1.11204,1.11204,1.11197,1.11197,1.11196,1.11196,1.11213,1.11213,1.11211,1.11211
2023-07-21T19:09:25.000000000Z,1,1.11208,1.11208,1.11208,1.11208,1.11200,1.11200,1.11200,1.11200,1.11216,1.11216,1.11216,1.11216
2023-07-21T19:09:45.000000000Z,2,1.11210,1.11210,1.11210,1.11210,1.11203,1.11203,1.11202,1.11202,1.11217,1.11217,1.11217,1.11217
2023-07-21T19:10:00.000000000Z,1,1.11208,1.11208,1.11208,1.11208,1.11200,1.11200,1.11200,1.11200,1.11216,1.11216,1.11216,1.11216
2023-07-21T19:10:05.000000000Z,2,1.11206,1.11208,1.11206,1.11208,1.11198,1.11201,1.11198,1.11201,1.11214,1.11216,1.11214,1.11216
2023-07-21T19:10:10.000000000Z,2,1.11210,1.11210,1.11208,1.11208,1.11203,1.11203,1.11200,1.11200,1.11217,1.11217,1.11216,1.11216
2023-07-21T19:10:15.000000000Z,2,1.11210,1.11210,1.11208,1.11208,1.11202,1.11202,1.11200,1.11200,1.11217,1.11217,1.11216,1.11216
2023-07-21T19:10:20.000000000Z,5,1.11208,1.11208,1.11206,1.11208,1.11200,1.11201,1.11198,1.11200,1.11215,1.11216,1.11214,1.11215
2023-07-21T19:10:25.000000000Z,7,1.11206,1.11208,1.11205,1.11205,1.11198,1.11200,1.11197,1.11197,1.11214,1.11215,1.11213,1.11213
2023-07-21T19:10:30.000000000Z,9,1.11206,1.11208,1.11205,1.11208,1.11198,1.11200,1.11197,1.11200,1.11213,1.11215,1.11212,1.11215
2023-07-21T19:10:35.000000000Z,4,1.11207,1.11207,1.11206,1.11206,1.11200,1.11200,1.11198,1.11198,1.11214,1.11214,1.11214,1.11214
2023-07-21T19:10:40.000000000Z,5,1.11206,1.11206,1.11204,1.11204,1.11199,1.11199,1.11196,1.11196,1.11214,1.11214,1.11211,1.11211
2023-07-21T19:10:45.000000000Z,3,1.11204,1.11204,1.11204,1.11204,1.11196,1.11196,1.11195,1.11196,1.11212,1.11212,1.11212,1.11212
2023-07-21T19:10:50.000000000Z,1,1.11202,1.11202,1.11202,1.11202,1.11195,1.11195,1.11195,1.11195,1.11210,1.11210,1.11210,1.11210
2023-07-21T19:10:55.000000000Z,3,1.11204,1.11205,1.11204,1.11204,1.11197,1.11197,1.11196,1.11196,1.11211,1.11213,1.11211,1.11211
2023-07-21T19:11:00.000000000Z,6,1.11204,1.11205,1.11202,1.11202,1.11196,1.11197,1.11195,1.11195,1.11212,1.11213,1.11210,1.11210
2023-07-21T19:11:05.000000000Z,5,1.11204,1.11206,1.11204,1.11206,1.11197,1.11199,1.11196,1.11199,1.11211,1.11214,1.11211,1.11214
2023-07-21T19:11:10.000000000Z,2,1.11206,1.11206,1.11206,1.11206,1.11198,1.11199,1.11198,1.11199,1.11214,1.11214,1.11214,1.11214
2023-07-21T19:11:15.000000000Z,9,1.11206,1.11206,1.11204,1.11204,1.11198,1.11198,1.11196,1.11196,1.11214,1.11214,1.11211,1.11211
2023-07-21T19:11:20.000000000Z,1,1.11206,1.11206,1.11206,1.11206,1.11198,1.11198,1.11198,1.11198,1.11214,1.11214,1.11214,1.11214
2023-07-21T19:11:35.000000000Z,6,1.11206,1.11206,1.11202,1.11204,1.11199,1.11199,1.11195,1.11195,1.11214,1.11214,1.11210,1.11212
2023-07-21T19:11:40.000000000Z,4,1.11204,1.11204,1.11202,1.11202,1.11196,1.11196,1.11195,1.11195,1.11212,1.11212,1.11210,1.11210
2023-07-21T19:11:45.000000000Z,3,1.11201,1.11201,1.11199,1.11200,1.11193,1.11193,1.11191,1.11193,1.11209,1.11209,1.11207,1.11208
2023-07-21T19:11:50.000000000Z,5,1.11200,1.11200,1.11198,1.11198,1.11193,1.11193,1.11190,1.11190,1.11207,1.11207,1.11206,1.11206
2023-07-21T19:11:55.000000000Z,2,1.11198,1.11198,1.11198,1.11198,1.11190,1.11190,1.11190,1.11190,1.11205,1.11206,1.11205,1.11206
2023-07-21T19:12:00.000000000Z,5,1.11198,1.11198,1.11196,1.11196,1.11190,1.11190,1.11189,1.11189,1.11205,1.11206,1.11204,1.11204
2023-07-21T19:12:10.000000000Z,3,1.11197,1.11197,1.11193,1.11193,1.11189,1.11189,1.11185,1.11185,1.11205,1.11205,1.11201,1.11201
2023-07-21T19:12:15.000000000Z,3,1.11195,1.11197,1.11195,1.11196,1.11188,1.11189,1.11188,1.11188,1.11202,1.11205,1.11202,1.11203
2023-07-21T19:12:20.000000000Z,1,1.11194,1.11194,1.11194,1.11194,1.11186,1.11186,1.11186,1.11186,1.11202,1.11202,1.11202,1.11202
2023-07-21T19:12:30.000000000Z,2,1.11192,1.11194,1.11192,1.11194,1.11184,1.11186,1.11184,1.11186,1.11200,1.11201,1.11200,1.11201
2023-07-21T19:12:35.000000000Z,3,1.11193,1.11194,1.11193,1.11193,1.11185,1.11186,1.11185,1.11185,1.11201,1.11201,1.11201,1.11201
2023-07-21T19:12:40.000000000Z,2,1.11194,1.11194,1.11192,1.11192,1.11186,1.11186,1.11184,1.11184,1.11201,1.11201,1.11200,1.11200
2023-07-21T19:12:50.000000000Z,6,1.11194,1.11194,1.11193,1.11193,1.11186,1.11187,1.11185,1.11185,1.11201,1.11202,1.11201,1.11201
2023-07-21T19:12:55.000000000Z,1,1.11194,1.11194,1.11194,1.11194,1.11186,1.11186,1.11186,1.11186,1.11201,1.11201,1.11201,1.11201
2023-07-21T19:13:00.000000000Z,7,1.11190,1.11196,1.11190,1.11196,1.11183,1.11188,1.11183,1.11188,1.11198,1.11203,1.11198,1.11203
2023-07-21T19:13:05.000000000Z,2,1.11194,1.11196,1.11194,1.11196,1.11186,1.11188,1.11186,1.11188,1.11202,1.11203,1.11202,1.11203
2023-07-21T19:13:10.000000000Z,7,1.11194,1.11198,1.11194,1.11197,1.11186,1.11190,1.11186,1.11189,1.11203,1.11206,1.11202,1.11205
2023-07-21T19:13:15.000000000Z,4,1.11196,1.11197,1.11194,1.11194,1.11188,1.11189,1.11186,1.11186,1.11205,1.11205,1.11202,1.11202
2023-07-21T19:13:20.000000000Z,3,1.11194,1.11194,1.11193,1.11194,1.11186,1.11187,1.11185,1.11187,1.11201,1.11202,1.11201,1.11202
2023-07-21T19:13:25.000000000Z,2,1.11196,1.11196,1.11194,1.11194,1.11188,1.11188,1.11186,1.11186,1.11204,1.11204,1.11202,1.11202
2023-07-21T19:13:30.000000000Z,2,1.11197,1.11198,1.11197,1.11198,1.11189,1.11190,1.11189,1.11190,1.11205,1.11207,1.11205,1.11207
2023-07-21T19:13:35.000000000Z,6,1.11198,1.11198,1.11198,1.11198,1.11190,1.11190,1.11190,1.11190,1.11205,1.11206,1.11205,1.11206
2023-07-21T19:13:40.000000000Z,2,1.11200,1.11200,1.11199,1.11199,1.11193,1.11193,1.11191,1.11191,1.11208,1.11208,1.11207,1.11207
2023-07-21T19:13:45.000000000Z,3,1.11200,1.11200,1.11199,1.11200,1.11192,1.11192,1.11191,1.11192,1.11207,1.11207,1.11207,1.11207
2023-07-21T19:13:50.000000000Z,7,1.11198,1.11198,1.11197,1.11198,1.11190,1.11190,1.11190,1.11190,1.11206,1.11206,1.11204,1.11205
2023-07-21T19:13:55.000000000Z,3,1.11198,1.11198,1.11196,1.11197,1.11190,1.11190,1.11189,1.11190,1.11206,1.11206,1.11204,1.11204
2023-07-21T19:14:00.000000000Z,7,1.11198,1.11198,1.11197,1.11198,1.11190,1.11190,1.11190,1.11190,1.11205,1.11206,1.11204,1.11205
2023-07-21T19:14:05.000000000Z,3,1.11200,1.11200,1.11197,1.11197,1.11192,1.11192,1.11190,1.11190,1.11207,1.11207,1.11204,1.11204
2023-07-21T19:14:10.000000000Z,2,1.11198,1.11198,1.11198,1.11198,1.11190,1.11190,1.11190,1.11190,1.11205,1.11206,1.11205,1.11206
2023-07-21T19:14:15.000000000Z,7,1.11198,1.11198,1.11196,1.11196,1.11190,1.11190,1.11188,1.11189,1.11205,1.11206,1.11204,1.11204
2023-07-21T19:14:20.000000000Z,3,1.11196,1.11196,1.11194,1.11194,1.11188,1.11188,1.11186,1.11186,1.11204,1.11204,1.11202,1.11202
2023-07-21T19:14:25.000000000Z,12,1.11196,1.11198,1.11194,1.11194,1.11188,1.11190,1.11186,1.11186,1.11204,1.11206,1.11202,1.11202
2023-07-21T19:14:30.000000000Z,1,1.11196,1.11196,1.11196,1.11196,1.11188,1.11188,1.11188,1.11188,1.11204,1.11204,1.11204,1.11204
2023-07-21T19:14:35.000000000Z,3,1.11198,1.11198,1.11196,1.11196,1.11190,1.11190,1.11188,1.11189,1.11205,1.11205,1.11203,1.11203
2023-07-21T19:14:40.000000000Z,4,1.11196,1.11196,1.11194,1.11196,1.11188,1.11188,1.11186,1.11188,1.11203,1.11204,1.11202,1.11204
2023-07-21T19:14:50.000000000Z,2,1.11196,1.11196,1.11196,1.11196,1.11189,1.11189,1.11188,1.11188,1.11203,1.11203,1.11203,1.11203
2023-07-21T19:14:55.000000000Z,2,1.11196,1.11196,1.11196,1.11196,1.11189,1.11189,1.11188,1.11188,1.11203,1.11203,1.11203,1.11203
2023-07-21T19:15:00.000000000Z,2,1.11195,1.11196,1.11195,1.11196,1.11188,1.11188,1.11188,1.11188,1.11202,1.11203,1.11202,1.11203
2023-07-21T19:15:05.000000000Z,5,1.11198,1.11200,1.11197,1.11200,1.11190,1.11192,1.11190,1.11192,1.11205,1.11207,1.11204,1.11207
2023-07-21T19:15:10.000000000Z,4,1.11199,1.11200,1.11198,1.11198,1.11191,1.11192,1.11190,1.11190,1.11207,1.11207,1.11205,1.11206
2023-07-21T19:15:15.000000000Z,3,1.11198,1.11200,1.11198,1.11200,1.11190,1.11191,1.11190,1.11191,1.11205,1.11208,1.11205,1.11208
2023-07-21T19:15:20.000000000Z,3,1.11198,1.11200,1.11198,1.11200,1.11190,1.11192,1.11190,1.11192,1.11206,1.11208,1.11206,1.11207
2023-07-21T19:15:25.000000000Z,2,1.11199,1.11200,1.11199,1.11200,1.11191,1.11192,1.11191,1.11192,1.11207,1.11207,1.11207,1.11207
2023-07-21T19:15:30.000000000Z,4,1.11199,1.11200,1.11199,1.11200,1.11191,1.11192,1.11191,1.11192,1.11207,1.11207,1.11207,1.11207
2023-07-21T19:15:35.000000000Z,4,1.11199,1.11200,1.11199,1.11200,1.11191,1.11192,1.11191,1.11192,1.11207,1.11207,1.11207,1.11207
2023-07-21T19:15:40.000000000Z,2,1.11199,1.11200,1.11199,1.11200,1.11191,1.11192,1.11191,1.11192,1.11207,1.11207,1.11207,1.11207
2023-07-21T19:15:45.000000000Z,2,1.11199,1.11200,1.11199,1.11200,1.11191,1.11192,1.11191,1.11192,1.11207,1.11207,1.11207,1.11207
2023-07-21T19:15:50.000000000Z,6,1.11202,1.11202,1.11200,1.11200,1.11195,1.11195,1.11192,1.11192,1.11210,1.11210,1.11208,1.11208
2023-07-21T19:15:55.000000000Z,5,1.11203,1.11203,1.11201,1.11201,1.11196,1.11196,1.11193,1.11193,1.11210,1.11211,1.11209,1.11209
2023-07-21T19:16:00.000000000Z,4,1.11199,1.11200,1.11199,1.11200,1.11191,1.11192,1.11191,1.11192,1.11207,1.11207,1.11207,1.11207
2023-07-21T19:16:05.000000000Z,1,1.11199,1.11199,1.11199,1.11199,1.11191,1.11191,1.11191,1.11191,1.11207,1.11207,1.11207,1.11207
2023-07-21T19:16:15.000000000Z,4,1.11202,1.11203,1.11202,1.11202,1.11195,1.11196,1.11195,1.11195,1.11209,1.11210,1.11209,1.11210
2023-07-21T19:16:20.000000000Z,6,1.11203,1.11204,1.11201,1.11204,1.11196,1.11196,1.11193,1.11196,1.11210,1.11212,1.11209,1.11212
2023-07-21T19:16:25.000000000Z,6,1.11202,1.11204,1.11202,1.11204,1.11195,1.11197,1.11195,1.11196,1.11210,1.11212,1.11210,1.11212
2023-07-21T19:16:30.000000000Z,3,1.11204,1.11204,1.11202,1.11202,1.11196,1.11196,1.11195,1.11195,1.11213,1.11213,1.11210,1.11210
2023-07-21T19:16:35.000000000Z,3,1.11204,1.11204,1.11204,1.11204,1.11196,1.11196,1.11196,1.11196,1.11212,1.11212,1.11211,1.11212
2023-07-21T19:16:40.000000000Z,10,1.11204,1.11206,1.11204,1.11206,1.11195,1.11199,1.11195,1.11198,1.11212,1.11214,1.11212,1.11214
2023-07-21T19:16:45.000000000Z,1,1.11206,1.11206,1.11206,1.11206,1.11197,1.11197,1.11197,1.11197,1.11214,1.11214,1.11214,1.11214
2023-07-21T19:16:50.000000000Z,6,1.11206,1.11206,1.11206,1.11206,1.11198,1.11198,1.11197,1.11197,1.11214,1.11215,1.11214,1.11214
2023-07-21T19:16:55.000000000Z,4,1.11206,1.11206,1.11200,1.11200,1.11198,1.11198,1.11192,1.11192,1.11214,1.11214,1.11208,1.11208
2023-07-21T19:17:00.000000000Z,3,1.11202,1.11202,1.11200,1.11202,1.11193,1.11193,1.11192,1.11193,1.11210,1.11210,1.11208,1.11210
2023-07-21T19:17:05.000000000Z,3,1.11200,1.11200,1.11200,1.11200,1.11193,1.11193,1.11192,1.11192,1.11208,1.11209,1.11208,1.11208
2023-07-21T19:17:10.000000000Z,1,1.11200,1.11200,1.11200,1.11200,1.11192,1.11192,1.11192,1.11192,1.11209,1.11209,1.11209,1.11209
2023-07-21T19:17:15.000000000Z,1,1.11199,1.11199,1.11199,1.11199,1.11191,1.11191,1.11191,1.11191,1.11207,1.11207,1.11207,1.11207
2023-07-21T19:17:25.000000000Z,3,1.11202,1.11202,1.11200,1.11200,1.11193,1.11193,1.11192,1.11193,1.11210,1.11210,1.11208,1.11208
2023-07-21T19:17:30.000000000Z,2,1.11200,1.11200,1.11200,1.11200,1.11192,1.11193,1.11192,1.11193,1.11208,1.11208,1.11208,1.11208
2023-07-21T19:17:35.000000000Z,4,1.11200,1.11206,1.11200,1.11206,1.11192,1.11198,1.11192,1.11198,1.11208,1.11213,1.11208,1.11213
2023-07-21T19:17:45.000000000Z,3,1.11208,1.11208,1.11206,1.11206,1.11201,1.11201,1.11198,1.11198,1.11216,1.11216,1.11213,1.11213
2023-07-21T19:17:55.000000000Z,1,1.11205,1.11205,1.11205,1.11205,1.11198,1.11198,1.11198,1.11198,1.11212,1.11212,1.11212,1.11212
2023-07-21T19:18:05.000000000Z,1,1.11204,1.11204,1.11204,1.11204,1.11196,1.11196,1.11196,1.11196,1.11211,1.11211,1.11211,1.11211
2023-07-21T19:18:20.000000000Z,9,1.11202,1.11202,1.11200,1.11200,1.11193,1.11193,1.11192,1.11193,1.11210,1.11210,1.11208,1.11208
2023-07-21T19:18:25.000000000Z,4,1.11200,1.11202,1.11199,1.11199,1.11192,1.11193,1.11192,1.11192,1.11208,1.11210,1.11206,1.11206
2023-07-21T19:18:30.000000000Z,2,1.11199,1.11200,1.11199,1.11200,1.11191,1.11192,1.11191,1.11192,1.11207,1.11207,1.11207,1.11207
2023-07-21T19:18:35.000000000Z,2,1.11199,1.11199,1.11199,1.11199,1.11191,1.11192,1.11191,1.11192,1.11207,1.11207,1.11206,1.11206
2023-07-21T19:18:50.000000000Z,2,1.11199,1.11200,1.11199,1.11200,1.11191,1.11192,1.11191,1.11192,1.11207,1.11207,1.11207,1.11207
2023-07-21T19:18:55.000000000Z,4,1.11199,1.11200,1.11198,1.11200,1.11191,1.11192,1.11190,1.11191,1.11207,1.11208,1.11206,1.11208
2023-07-21T19:19:00.000000000Z,12,1.11200,1.11202,1.11199,1.11200,1.11192,1.11194,1.11191,1.11193,1.11207,1.11210,1.11207,1.11207
2023-07-21T19:19:05.000000000Z,6,1.11200,1.11200,1.11199,1.11199,1.11193,1.11193,1.11191,1.11191,1.11208,1.11208,1.11207,1.11207
2023-07-21T19:19:10.000000000Z,2,1.11200,1.11200,1.11200,1.11200,1.11192,1.11192,1.11192,1.11192,1.11209,1.11209,1.11208,1.11208
2023-07-21T19:19:15.000000000Z,3,1.11200,1.11200,1.11199,1.11200,1.11192,1.11192,1.11191,1.11192,1.11209,1.11209,1.11207,1.11209
2023-07-21T19:19:20.000000000Z,4,1.11199,1.11202,1.11199,1.11200,1.11191,1.11194,1.11191,1.11192,1.11207,1.11209,1.11207,1.11208
2023-07-21T19:19:25.000000000Z,6,1.11200,1.11203,1.11200,1.11202,1.11193,1.11195,1.11193,1.11194,1.11208,1.11211,1.11208,1.11209
2023-07-21T19:19:30.000000000Z,5,1.11202,1.11203,1.11201,1.11203,1.11194,1.11195,1.11193,1.11195,1.11211,1.11211,1.11209,1.11211
2023-07-21T19:19:35.000000000Z,9,1.11202,1.11210,1.11201,1.11210,1.11194,1.11203,1.11193,1.11203,1.11211,1.11217,1.11209,1.11217
2023-07-21T19:19:40.000000000Z,7,1.11210,1.11216,1.11210,1.11214,1.11202,1.11209,1.11202,1.11207,1.11217,1.11223,1.11217,1.11221
2023-07-21T19:19:45.000000000Z,3,1.11216,1.11216,1.11214,1.11214,1.11209,1.11209,1.11207,1.11207,1.11224,1.11224,1.11221,1.11221
2023-07-21T19:19:50.000000000Z,6,1.11212,1.11216,1.11212,1.11216,1.11204,1.11209,1.11204,1.11209,1.11220,1.11223,1.11220,1.11223
2023-07-21T19:19:55.000000000Z,1,1.11218,1.11218,1.11218,1.11218,1.11210,1.11210,1.11210,1.11210,1.11226,1.11226,1.11226,1.11226
2023-07-21T19:20:00.000000000Z,10,1.11216,1.11223,1.11216,1.11223,1.11209,1.11215,1.11209,1.11215,1.11224,1.11231,1.11224,1.11231
2023-07-21T19:20:05.000000000Z,2,1.11224,1.11226,1.11224,1.11226,1.11217,1.11219,1.11217,1.11219,1.11231,1.11233,1.11231,1.11233
2023-07-21T19:20:10.000000000Z,1,1.11224,1.11224,1.11224,1.11224,1.11217,1.11217,1.11217,1.11217,1.11231,1.11231,1.11231,1.11231
2023-07-21T19:20:15.000000000Z,4,1.11222,1.11226,1.11222,1.11226,1.11215,1.11219,1.11215,1.11219,1.11230,1.11233,1.11230,1.11233
2023-07-21T19:20:20.000000000Z,6,1.11226,1.11228,1.11226,1.11228,1.11219,1.11220,1.11218,1.11220,1.11234,1.11235,1.11233,1.11235
2023-07-21T19:20:25.000000000Z,3,1.11227,1.11228,1.11226,1.11226,1.11219,1.11220,1.11219,1.11219,1.11235,1.11235,1.11233,1.11233
2023-07-21T19:20:30.000000000Z,7,1.11224,1.11230,1.11224,1.11230,1.11217,1.11223,1.11217,1.11223,1.11231,1.11237,1.11231,1.11237
2023-07-21T19:20:35.000000000Z,3,1.11232,1.11232,1.11230,1.11232,1.11225,1.11225,1.11223,1.11225,1.11239,1.11239,1.11237,1.11239
2023-07-21T19:20:40.000000000Z,1,1.11231,1.11231,1.11231,1.11231,1.11224,1.11224,1.11224,1.11224,1.11238,1.11238,1.11238,1.11238
2023-07-21T19:20:55.000000000Z,1,1.11226,1.11226,1.11226,1.11226,1.11219,1.11219,1.11219,1.11219,1.11233,1.11233,1.11233,1.11233
2023-07-21T19:21:05.000000000Z,3,1.11227,1.11227,1.11224,1.11226,1.11220,1.11220,1.11217,1.11219,1.11234,1.11234,1.11231,1.11233
2023-07-21T19:21:10.000000000Z,1,1.11224,1.11224,1.11224,1.11224,1.11217,1.11217,1.11217,1.11217,1.11231,1.11231,1.11231,1.11231
2023-07-21T19:21:15.000000000Z,1,1.11226,1.11226,1.11226,1.11226,1.11219,1.11219,1.11219,1.11219,1.11233,1.11233,1.11233,1.11233
2023-07-21T19:21:20.000000000Z,1,1.11227,1.11227,1.11227,1.11227,1.11220,1.11220,1.11220,1.11220,1.11234,1.11234,1.11234,1.11234
2023-07-21T19:21:25.000000000Z,2,1.11226,1.11227,1.11226,1.11227,1.11219,1.11220,1.11219,1.11220,1.11233,1.11234,1.11233,1.11234
2023-07-21T19:21:30.000000000Z,5,1.11226,1.11227,1.11226,1.11226,1.11219,1.11220,1.11219,1.11219,1.11233,1.11234,1.11233,1.11233
2023-07-21T19:21:35.000000000Z,1,1.11224,1.11224,1.11224,1.11224,1.11217,1.11217,1.11217,1.11217,1.11231,1.11231,1.11231,1.11231
2023-07-21T19:21:40.000000000Z,1,1.11226,1.11226,1.11226,1.11226,1.11219,1.11219,1.11219,1.11219,1.11233,1.11233,1.11233,1.11233
2023-07-21T19:21:45.000000000Z,2,1.11224,1.11226,1.11224,1.11226,1.11217,1.11219,1.11217,1.11219,1.11231,1.11233,1.11231,1.11233
2023-07-21T19:21:50.000000000Z,3,1.11224,1.11224,1.11222,1.11224,1.11217,1.11217,1.11215,1.11217,1.11231,1.11231,1.11229,1.11231
2023-07-21T19:21:55.000000000Z,10,1.11226,1.11226,1.11216,1.11218,1.11219,1.11219,1.11209,1.11210,1.11233,1.11233,1.11224,1.11226
2023-07-21T19:22:00.000000000Z,1,1.11217,1.11217,1.11217,1.11217,1.11210,1.11210,1.11210,1.11210,1.11224,1.11224,1.11224,1.11224
2023-07-21T19:22:05.000000000Z,3,1.11216,1.11217,1.11216,1.11216,1.11209,1.11210,1.11209,1.11209,1.11224,1.11224,1.11224,1.11224
2023-07-21T19:22:10.000000000Z,3,1.11217,1.11217,1.11216,1.11217,1.11210,1.11210,1.11209,1.11210,1.11224,1.11224,1.11224,1.11224
2023-07-21T19:22:15.000000000Z,7,1.11214,1.11214,1.11212,1.11212,1.11207,1.11207,1.11204,1.11204,1.11222,1.11222,1.11219,1.11220
2023-07-21T19:22:20.000000000Z,8,1.11212,1.11214,1.11212,1.11214,1.11205,1.11207,1.11204,1.11207,1.11219,1.11222,1.11219,1.11221
2023-07-21T19:22:25.000000000Z,5,1.11214,1.11217,1.11214,1.11216,1.11207,1.11209,1.11207,1.11209,1.11222,1.11225,1.11222,1.11224
2023-07-21T19:22:30.000000000Z,3,1.11217,1.11219,1.11217,1.11218,1.11209,1.11212,1.11209,1.11210,1.11225,1.11226,1.11225,1.11226
2023-07-21T19:22:35.000000000Z,4,1.11218,1.11218,1.11216,1.11216,1.11210,1.11210,1.11209,1.11209,1.11225,1.11226,1.11224,1.11224
2023-07-21T19:22:40.000000000Z,5,1.11217,1.11218,1.11216,1.11216,1.11210,1.11210,1.11209,1.11209,1.11224,1.11226,1.11224,1.11224
2023-07-21T19:22:45.000000000Z,2,1.11217,1.11217,1.11216,1.11216,1.11210,1.11210,1.11209,1.11209,1.11224,1.11224,1.11224,1.11224
2023-07-21T19:22:50.000000000Z,3,1.11217,1.11217,1.11216,1.11217,1.11210,1.11210,1.11209,1.11210,1.11224,1.11224,1.11224,1.11224
2023-07-21T19:23:00.000000000Z,3,1.11214,1.11217,1.11214,1.11217,1.11207,1.11209,1.11207,1.11209,1.11221,1.11225,1.11221,1.11225
2023-07-21T19:23:05.000000000Z,9,1.11216,1.11216,1.11212,1.11212,1.11209,1.11209,1.11204,1.11205,1.11223,1.11223,1.11219,1.11219
2023-07-21T19:23:10.000000000Z,3,1.11212,1.11212,1.11212,1.11212,1.11205,1.11205,1.11205,1.11205,1.11220,1.11220,1.11219,1.11220
2023-07-21T19:23:15.000000000Z,4,1.11212,1.11214,1.11212,1.11212,1.11205,1.11206,1.11204,1.11205,1.11219,1.11221,1.11219,1.11219
2023-07-21T19:23:20.000000000Z,3,1.11214,1.11216,1.11214,1.11214,1.11207,1.11209,1.11207,1.11207,1.11221,1.11223,1.11221,1.11221
2023-07-21T19:23:25.000000000Z,1,1.11216,1.11216,1.11216,1.11216,1.11209,1.11209,1.11209,1.11209,1.11223,1.11223,1.11223,1.11223
2023-07-21T19:23:30.000000000Z,1,1.11218,1.11218,1.11218,1.11218,1.11210,1.11210,1.11210,1.11210,1.11226,1.11226,1.11226,1.11226
2023-07-21T19:23:35.000000000Z,6,1.11216,1.11218,1.11216,1.11218,1.11209,1.11210,1.11209,1.11210,1.11224,1.11226,1.11224,1.11226
2023-07-21T19:23:40.000000000Z,6,1.11217,1.11218,1.11216,1.11216,1.11210,1.11210,1.11209,1.11209,1.11224,1.11226,1.11224,1.11224
2023-07-21T19:23:45.000000000Z,4,1.11217,1.11217,1.11214,1.11214,1.11210,1.11210,1.11207,1.11207,1.11224,1.11224,1.11221,1.11221
2023-07-21T19:23:50.000000000Z,1,1.11216,1.11216,1.11216,1.11216,1.11209,1.11209,1.11209,1.11209,1.11223,1.11223,1.11223,1.11223
2023-07-21T19:24:05.000000000Z,2,1.11218,1.11218,1.11216,1.11216,1.11211,1.11211,1.11209,1.11209,1.11225,1.11225,1.11224,1.11224
2023-07-21T19:24:10.000000000Z,3,1.11217,1.11217,1.11216,1.11217,1.11210,1.11210,1.11209,1.11210,1.11224,1.11224,1.11224,1.11224
2023-07-21T19:24:20.000000000Z,7,1.11216,1.11222,1.11216,1.11222,1.11209,1.11215,1.11209,1.11215,1.11224,1.11230,1.11224,1.11230
2023-07-21T19:24:25.000000000Z,3,1.11221,1.11223,1.11221,1.11223,1.11213,1.11215,1.11213,1.11215,1.11229,1.11231,1.11229,1.11231
2023-07-21T19:24:30.000000000Z,8,1.11224,1.11224,1.11221,1.11221,1.11217,1.11217,1.11213,1.11213,1.11231,1.11231,1.11229,1.11229
2023-07-21T19:24:35.000000000Z,5,1.11222,1.11222,1.11220,1.11221,1.11215,1.11215,1.11213,1.11213,1.11230,1.11231,1.11227,1.11229
2023-07-21T19:24:40.000000000Z,2,1.11222,1.11222,1.11221,1.11221,1.11214,1.11214,1.11213,1.11213,1.11231,1.11231,1.11229,1.11229
2023-07-21T19:24:45.000000000Z,4,1.11220,1.11222,1.11220,1.11222,1.11213,1.11215,1.11212,1.11215,1.11227,1.11230,1.11227,1.11230
2023-07-21T19:24:50.000000000Z,6,1.11221,1.11222,1.11221,1.11221,1.11213,1.11215,1.11213,1.11213,1.11229,1.11231,1.11229,1.11229
2023-07-21T19:24:55.000000000Z,1,1.11220,1.11220,1.11220,1.11220,1.11213,1.11213,1.11213,1.11213,1.11227,1.11227,1.11227,1.11227
2023-07-21T19:25:00.000000000Z,2,1.11222,1.11223,1.11222,1.11223,1.11214,1.11215,1.11214,1.11215,1.11229,1.11231,1.11229,1.11231
2023-07-21T19:25:05.000000000Z,2,1.11222,1.11222,1.11221,1.11221,1.11214,1.11214,1.11213,1.11213,1.11231,1.11231,1.11229,1.11229
2023-07-21T19:25:10.000000000Z,4,1.11222,1.11222,1.11221,1.11221,1.11214,1.11214,1.11213,1.11213,1.11231,1.11231,1.11229,1.11229
2023-07-21T19:25:15.000000000Z,1,1.11220,1.11220,1.11220,1.11220,1.11213,1.11213,1.11213,1.11213,1.11227,1.11227,1.11227,1.11227
2023-07-21T19:25:20.000000000Z,4,1.11222,1.11222,1.11220,1.11220,1.11214,1.11214,1.11213,1.11213,1.11229,1.11229,1.11227,1.11227
2023-07-21T19:25:25.000000000Z,4,1.11221,1.11222,1.11220,1.11220,1.11213,1.11214,1.11213,1.11213,1.11229,1.11229,1.11227,1.11227
2023-07-21T19:25:30.000000000Z,5,1.11222,1.11222,1.11220,1.11222,1.11213,1.11214,1.11213,1.11214,1.11230,1.11230,1.11227,1.11229
2023-07-21T19:25:40.000000000Z,8,1.11220,1.11224,1.11220,1.11222,1.11213,1.11217,1.11213,1.11214,1.11227,1.11231,1.11227,1.11229
2023-07-21T19:25:45.000000000Z,1,1.11220,1.11220,1.11220,1.11220,1.11213,1.11213,1.11213,1.11213,1.11227,1.11227,1.11227,1.11227
2023-07-21T19:26:00.000000000Z,5,1.11219,1.11219,1.11214,1.11216,1.11212,1.11212,1.11207,1.11209,1.11226,1.11226,1.11221,1.11223
2023-07-21T19:26:05.000000000Z,2,1.11214,1.11214,1.11214,1.11214,1.11207,1.11207,1.11207,1.11207,1.11222,1.11222,1.11221,1.11221
2023-07-21T19:26:30.000000000Z,5,1.11214,1.11215,1.11214,1.11214,1.11207,1.11207,1.11207,1.11207,1.11222,1.11223,1.11221,1.11221
2023-07-21T19:26:40.000000000Z,5,1.11214,1.11216,1.11214,1.11216,1.11207,1.11209,1.11207,1.11209,1.11222,1.11224,1.11221,1.11224
2023-07-21T19:26:45.000000000Z,5,1.11218,1.11219,1.11216,1.11219,1.11210,1.11211,1.11209,1.11211,1.11226,1.11227,1.11224,1.11227
2023-07-21T19:26:50.000000000Z,1,1.11220,1.11220,1.11220,1.11220,1.11213,1.11213,1.11213,1.11213,1.11228,1.11228,1.11228,1.11228
2023-07-21T19:27:00.000000000Z,3,1.11221,1.11222,1.11220,1.11220,1.11213,1.11213,1.11213,1.11213,1.11229,1.11230,1.11228,1.11228
2023-07-21T19:27:15.000000000Z,4,1.11220,1.11222,1.11220,1.11221,1.11212,1.11213,1.11212,1.11213,1.11228,1.11230,1.11228,1.11229
2023-07-21T19:27:25.000000000Z,2,1.11222,1.11222,1.11221,1.11221,1.11213,1.11213,1.11213,1.11213,1.11230,1.11230,1.11229,1.11229
2023-07-21T19:27:30.000000000Z,11,1.11222,1.11226,1.11222,1.11224,1.11215,1.11217,1.11215,1.11217,1.11230,1.11234,1.11230,1.11231
2023-07-21T19:27:35.000000000Z,6,1.11224,1.11226,1.11224,1.11224,1.11216,1.11217,1.11216,1.11216,1.11231,1.11234,1.11231,1.11231
2023-07-21T19:27:40.000000000Z,4,1.11226,1.11226,1.11225,1.11225,1.11217,1.11219,1.11217,1.11217,1.11234,1.11234,1.11233,1.11233
2023-07-21T19:27:45.000000000Z,3,1.11224,1.11226,1.11224,1.11226,1.11217,1.11218,1.11217,1.11218,1.11232,1.11235,1.11232,1.11235
2023-07-21T19:27:50.000000000Z,2,1.11228,1.11228,1.11227,1.11227,1.11221,1.11221,1.11219,1.11219,1.11236,1.11236,1.11235,1.11235
2023-07-21T19:27:55.000000000Z,9,1.11230,1.11231,1.11230,1.11230,1.11221,1.11223,1.11221,1.11222,1.11238,1.11239,1.11238,1.11239
2023-07-21T19:28:00.000000000Z,6,1.11230,1.11230,1.11225,1.11226,1.11222,1.11223,1.11217,1.11217,1.11238,1.11238,1.11233,1.11234
2023-07-21T19:28:05.000000000Z,7,1.11225,1.11232,1.11224,1.11232,1.11217,1.11223,1.11217,1.11223,1.11233,1.11240,1.11232,1.11240
2023-07-21T19:28:10.000000000Z,5,1.11230,1.11230,1.11225,1.11225,1.11221,1.11221,1.11217,1.11217,1.11238,1.11238,1.11233,1.11233
2023-07-21T19:28:15.000000000Z,1,1.11226,1.11226,1.11226,1.11226,1.11218,1.11218,1.11218,1.11218,1.11235,1.11235,1.11235,1.11235
2023-07-21T19:28:20.000000000Z,1,1.11228,1.11228,1.11228,1.11228,1.11220,1.11220,1.11220,1.11220,1.11237,1.11237,1.11237,1.11237
2023-07-21T19:28:25.000000000Z,2,1.11227,1.11228,1.11227,1.11228,1.11219,1.11219,1.11219,1.11219,1.11235,1.11236,1.11235,1.11236
2023-07-21T19:28:30.000000000Z,1,1.11225,1.11225,1.11225,1.11225,1.11217,1.11217,1.11217,1.11217,1.11233,1.11233,1.11233,1.11233
2023-07-21T19:28:45.000000000Z,2,1.11224,1.11225,1.11224,1.11225,1.11217,1.11217,1.11217,1.11217,1.11232,1.11233,1.11232,1.11233
2023-07-21T19:28:50.000000000Z,4,1.11228,1.11228,1.11225,1.11225,1.11220,1.11220,1.11217,1.11217,1.11235,1.11235,1.11233,1.11233
2023-07-21T19:28:55.000000000Z,3,1.11224,1.11226,1.11224,1.11226,1.11216,1.11219,1.11216,1.11219,1.11231,1.11234,1.11231,1.11234
2023-07-21T19:29:00.000000000Z,5,1.11225,1.11228,1.11225,1.11228,1.11217,1.11219,1.11217,1.11219,1.11233,1.11236,1.11233,1.11236
2023-07-21T19:29:05.000000000Z,8,1.11228,1.11228,1.11225,1.11226,1.11220,1.11220,1.11217,1.11218,1.11235,1.11236,1.11233,1.11235
2023-07-21T19:29:10.000000000Z,1,1.11227,1.11227,1.11227,1.11227,1.11219,1.11219,1.11219,1.11219,1.11235,1.11235,1.11235,1.11235
2023-07-21T19:29:20.000000000Z,4,1.11225,1.11226,1.11225,1.11226,1.11217,1.11217,1.11217,1.11217,1.11233,1.11234,1.11233,1.11234
2023-07-21T19:29:25.000000000Z,2,1.11225,1.11226,1.11225,1.11226,1.11217,1.11217,1.11217,1.11217,1.11233,1.11234,1.11233,1.11234
2023-07-21T19:29:40.000000000Z,2,1.11225,1.11226,1.11225,1.11226,1.11217,1.11217,1.11217,1.11217,1.11233,1.11234,1.11233,1.11234
2023-07-21T19:29:45.000000000Z,1,1.11225,1.11225,1.11225,1.11225,1.11217,1.11217,1.11217,1.11217,1.11233,1.11233,1.11233,1.11233
2023-07-21T19:29:50.000000000Z,5,1.11226,1.11230,1.11225,1.11228,1.11217,1.11222,1.11217,1.11220,1.11234,1.11238,1.11233,1.11237
2023-07-21T19:29:55.000000000Z,2,1.11228,1.11230,1.11228,1.11230,1.11220,1.11221,1.11220,1.11221,1.11236,1.11238,1.11236,1.11238
2023-07-21T19:30:00.000000000Z,5,1.11231,1.11232,1.11230,1.11231,1.11223,1.11223,1.11222,1.11223,1.11239,1.11240,1.11237,1.11239
2023-07-21T19:30:05.000000000Z,1,1.11230,1.11230,1.11230,1.11230,1.11222,1.11222,1.11222,1.11222,1.11239,1.11239,1.11239,1.11239
2023-07-21T19:30:10.000000000Z,7,1.11231,1.11231,1.11230,1.11230,1.11223,1.11223,1.11222,1.11223,1.11239,1.11239,1.11237,1.11238
2023-07-21T19:30:15.000000000Z,7,1.11230,1.11234,1.11230,1.11232,1.11222,1.11226,1.11222,1.11223,1.11238,1.11241,1.11238,1.11240
2023-07-21T19:30:20.000000000Z,3,1.11232,1.11232,1.11230,1.11230,1.11225,1.11225,1.11222,1.11222,1.11240,1.11240,1.11237,1.11237
2023-07-21T19:30:25.000000000Z,3,1.11231,1.11231,1.11227,1.11227,1.11223,1.11223,1.11219,1.11219,1.11239,1.11239,1.11235,1.11235
2023-07-21T19:30:30.000000000Z,4,1.11230,1.11230,1.11230,1.11230,1.11222,1.11222,1.11222,1.11222,1.11238,1.11239,1.11238,1.11239
2023-07-21T19:30:35.000000000Z,3,1.11230,1.11230,1.11230,1.11230,1.11222,1.11222,1.11222,1.11222,1.11238,1.11239,1.11237,1.11237
2023-07-21T19:30:40.000000000Z,4,1.11226,1.11226,1.11224,1.11226,1.11218,1.11219,1.11217,1.11219,1.11234,1.11234,1.11232,1.11234
2023-07-21T19:30:45.000000000Z,3,1.11226,1.11226,1.11224,1.11225,1.11217,1.11217,1.11216,1.11217,1.11234,1.11234,1.11231,1.11233
2023-07-21T19:30:50.000000000Z,2,1.11226,1.11226,1.11224,1.11224,1.11217,1.11217,1.11216,1.11216,1.11234,1.11234,1.11231,1.11231
2023-07-21T19:30:55.000000000Z,7,1.11224,1.11224,1.11221,1.11222,1.11217,1.11217,1.11213,1.11214,1.11231,1.11231,1.11229,1.11231
2023-07-21T19:31:00.000000000Z,2,1.11220,1.11222,1.11220,1.11222,1.11212,1.11214,1.11212,1.11214,1.11228,1.11231,1.11228,1.11231
2023-07-21T19:31:05.000000000Z,5,1.11219,1.11220,1.11219,1.11220,1.11211,1.11212,1.11211,1.11212,1.11227,1.11229,1.11227,1.11228
2023-07-21T19:31:15.000000000Z,2,1.11222,1.11222,1.11221,1.11221,1.11213,1.11213,1.11213,1.11213,1.11230,1.11230,1.11229,1.11229
2023-07-21T19:31:20.000000000Z,2,1.11220,1.11220,1.11220,1.11220,1.11213,1.11213,1.11212,1.11212,1.11228,1.11228,1.11228,1.11228
2023-07-21T19:31:25.000000000Z,2,1.11220,1.11220,1.11220,1.11220,1.11213,1.11213,1.11212,1.11212,1.11228,1.11228,1.11228,1.11228
2023-07-21T19:31:30.000000000Z,1,1.11222,1.11222,1.11222,1.11222,1.11214,1.11214,1.11214,1.11214,1.11229,1.11229,1.11229,1.11229
2023-07-21T19:31:35.000000000Z,3,1.11224,1.11226,1.11224,1.11225,1.11216,1.11217,1.11216,1.11217,1.11232,1.11234,1.11232,1.11233
2023-07-21T19:31:45.000000000Z,3,1.11224,1.11226,1.11224,1.11226,1.11217,1.11218,1.11217,1.11218,1.11232,1.11235,1.11232,1.11235
2023-07-21T19:31:55.000000000Z,1,1.11225,1.11225,1.11225,1.11225,1.11217,1.11217,1.11217,1.11217,1.11233,1.11233,1.11233,1.11233
2023-07-21T19:32:00.000000000Z,2,1.11224,1.11225,1.11224,1.11225,1.11217,1.11217,1.11217,1.11217,1.11232,1.11233,1.11232,1.11233
2023-07-21T19:32:05.000000000Z,6,1.11224,1.11225,1.11224,1.11225,1.11217,1.11217,1.11216,1.11217,1.11231,1.11233,1.11231,1.11233
2023-07-21T19:32:10.000000000Z,4,1.11226,1.11226,1.11224,1.11224,1.11217,1.11217,1.11216,1.11216,1.11234,1.11234,1.11231,1.11231
2023-07-21T19:32:15.000000000Z,4,1.11225,1.11225,1.11224,1.11224,1.11217,1.11217,1.11216,1.11216,1.11233,1.11233,1.11231,1.11231
2023-07-21T19:32:20.000000000Z,6,1.11224,1.11226,1.11224,1.11225,1.11217,1.11217,1.11217,1.11217,1.11231,1.11234,1.11231,1.11233
2023-07-21T19:32:25.000000000Z,3,1.11224,1.11224,1.11224,1.11224,1.11216,1.11217,1.11216,1.11216,1.11231,1.11231,1.11231,1.11231
2023-07-21T19:32:30.000000000Z,4,1.11224,1.11226,1.11224,1.11225,1.11217,1.11217,1.11217,1.11217,1.11231,1.11234,1.11231,1.11233
2023-07-21T19:32:35.000000000Z,5,1.11226,1.11226,1.11224,1.11224,1.11217,1.11217,1.11216,1.11216,1.11234,1.11234,1.11232,1.11233
2023-07-21T19:32:40.000000000Z,5,1.11224,1.11226,1.11224,1.11226,1.11216,1.11217,1.11216,1.11217,1.11231,1.11234,1.11231,1.11234
2023-07-21T19:32:45.000000000Z,4,1.11224,1.11226,1.11224,1.11226,1.11216,1.11217,1.11216,1.11217,1.11231,1.11234,1.11231,1.11234
2023-07-21T19:32:50.000000000Z,6,1.11225,1.11226,1.11225,1.11226,1.11217,1.11217,1.11217,1.11217,1.11233,1.11234,1.11233,1.11234
2023-07-21T19:32:55.000000000Z,1,1.11225,1.11225,1.11225,1.11225,1.11217,1.11217,1.11217,1.11217,1.11233,1.11233,1.11233,1.11233
2023-07-21T19:33:00.000000000Z,5,1.11226,1.11226,1.11224,1.11224,1.11217,1.11217,1.11216,1.11216,1.11234,1.11234,1.11231,1.11231
2023-07-21T19:33:05.000000000Z,3,1.11224,1.11225,1.11224,1.11225,1.11216,1.11217,1.11216,1.11217,1.11232,1.11233,1.11232,1.11233
2023-07-21T19:33:20.000000000Z,2,1.11224,1.11224,1.11224,1.11224,1.11216,1.11216,1.11216,1.11216,1.11233,1.11233,1.11232,1.11232
2023-07-21T19:33:25.000000000Z,2,1.11224,1.11225,1.11224,1.11225,1.11216,1.11217,1.11216,1.11217,1.11233,1.11233,1.11233,1.11233
2023-07-21T19:33:30.000000000Z,3,1.11224,1.11225,1.11224,1.11224,1.11216,1.11217,1.11216,1.11216,1.11231,1.11233,1.11231,1.11231
2023-07-21T19:33:35.000000000Z,4,1.11224,1.11224,1.11222,1.11222,1.11217,1.11217,1.11215,1.11215,1.11231,1.11232,1.11230,1.11230
2023-07-21T19:33:40.000000000Z,5,1.11224,1.11224,1.11222,1.11222,1.11216,1.11216,1.11213,1.11213,1.11232,1.11232,1.11230,1.11230
2023-07-21T19:33:45.000000000Z,5,1.11219,1.11220,1.11219,1.11220,1.11211,1.11212,1.11211,1.11212,1.11227,1.11229,1.11227,1.11229
2023-07-21T19:33:50.000000000Z,4,1.11220,1.11220,1.11220,1.11220,1.11212,1.11212,1.11212,1.11212,1.11228,1.11229,1.11228,1.11229
2023-07-21T19:33:55.000000000Z,3,1.11219,1.11220,1.11219,1.11220,1.11211,1.11212,1.11211,1.11212,1.11227,1.11229,1.11227,1.11228
2023-07-21T19:34:00.000000000Z,1,1.11220,1.11220,1.11220,1.11220,1.11212,1.11212,1.11212,1.11212,1.11229,1.11229,1.11229,1.11229
2023-07-21T19:34:05.000000000Z,1,1.11219,1.11219,1.11219,1.11219,1.11211,1.11211,1.11211,1.11211,1.11227,1.11227,1.11227,1.11227
2023-07-21T19:34:10.000000000Z,2,1.11220,1.11220,1.11219,1.11219,1.11212,1.11212,1.11211,1.11211,1.11227,1.11227,1.11227,1.11227
2023-07-21T19:34:15.000000000Z,1,1.11220,1.11220,1.11220,1.11220,1.11212,1.11212,1.11212,1.11212,1.11227,1.11227,1.11227,1.11227
2023-07-21T19:34:20.000000000Z,4,1.11219,1.11220,1.11219,1.11220,1.11211,1.11213,1.11211,1.11213,1.11227,1.11228,1.11227,1.11228
2023-07-21T19:34:25.000000000Z,2,1.11219,1.11220,1.11219,1.11220,1.11211,1.11213,1.11211,1.11213,1.11227,1.11228,1.11227,1.11228
2023-07-21T19:34:30.000000000Z,1,1.11219,1.11219,1.11219,1.11219,1.11211,1.11211,1.11211,1.11211,1.11227,1.11227,1.11227,1.11227
2023-07-21T19:34:35.000000000Z,4,1.11220,1.11220,1.11219,1.11219,1.11213,1.11213,1.11211,1.11211,1.11228,1.11228,1.11227,1.11227
2023-07-21T19:34:40.000000000Z,1,1.11220,1.11220,1.11220,1.11220,1.11213,1.11213,1.11213,1.11213,1.11228,1.11228,1.11228,1.11228
2023-07-21T19:34:45.000000000Z,3,1.11219,1.11220,1.11219,1.11219,1.11211,1.11213,1.11211,1.11211,1.11227,1.11228,1.11227,1.11227
2023-07-21T19:34:50.000000000Z,1,1.11220,1.11220,1.11220,1.11220,1.11213,1.11213,1.11213,1.11213,1.11228,1.11228,1.11228,1.11228
2023-07-21T19:34:55.000000000Z,2,1.11219,1.11220,1.11219,1.11220,1.11211,1.11213,1.11211,1.11213,1.11227,1.11228,1.11227,1.11228
2023-07-21T19:35:00.000000000Z,4,1.11220,1.11224,1.11219,1.11224,1.11212,1.11216,1.11211,1.11216,1.11228,1.11232,1.11227,1.11232
2023-07-21T19:35:15.000000000Z,2,1.11220,1.11220,1.11219,1.11219,1.11212,1.11212,1.11211,1.11211,1.11229,1.11229,1.11227,1.11227
2023-07-21T19:35:20.000000000Z,4,1.11221,1.11224,1.11221,1.11224,1.11213,1.11216,1.11213,1.11216,1.11229,1.11232,1.11229,1.11232
2023-07-21T19:35:25.000000000Z,3,1.11224,1.11225,1.11224,1.11224,1.11216,1.11217,1.11216,1.11216,1.11231,1.11233,1.11231,1.11231
2023-07-21T19:35:40.000000000Z,1,1.11224,1.11224,1.11224,1.11224,1.11216,1.11216,1.11216,1.11216,1.11232,1.11232,1.11232,1.11232
2023-07-21T19:35:45.000000000Z,2,1.11224,1.11224,1.11224,1.11224,1.11216,1.11216,1.11216,1.11216,1.11231,1.11232,1.11231,1.11232
2023-07-21T19:35:55.000000000Z,2,1.11224,1.11224,1.11224,1.11224,1.11216,1.11216,1.11216,1.11216,1.11231,1.11232,1.11231,1.11232
2023-07-21T19:36:05.000000000Z,4,1.11224,1.11224,1.11224,1.11224,1.11216,1.11216,1.11216,1.11216,1.11231,1.11232,1.11231,1.11232
2023-07-21T19:36:10.000000000Z,3,1.11224,1.11224,1.11224,1.11224,1.11216,1.11216,1.11215,1.11215,1.11231,1.11232,1.11231,1.11232
2023-07-21T19:36:15.000000000Z,6,1.11224,1.11224,1.11224,1.11224,1.11216,1.11216,1.11215,1.11216,1.11232,1.11232,1.11231,1.11231
2023-07-21T19:36:20.000000000Z,7,1.11224,1.11224,1.11224,1.11224,1.11216,1.11216,1.11215,1.11216,1.11232,1.11232,1.11231,1.11232
2023-07-21T19:36:30.000000000Z,2,1.11224,1.11224,1.11224,1.11224,1.11216,1.11216,1.11216,1.11216,1.11231,1.11232,1.11231,1.11232
2023-07-21T19:36:40.000000000Z,3,1.11226,1.11226,1.11224,1.11224,1.11217,1.11217,1.11216,1.11216,1.11234,1.11234,1.11231,1.11232
2023-07-21T19:36:45.000000000Z,5,1.11224,1.11224,1.11222,1.11222,1.11215,1.11216,1.11215,1.11215,1.11232,1.11232,1.11230,1.11230
2023-07-21T19:37:00.000000000Z,3,1.11224,1.11224,1.11224,1.11224,1.11216,1.11216,1.11216,1.11216,1.11232,1.11232,1.11231,1.11232
2023-07-21T19:37:10.000000000Z,7,1.11226,1.11232,1.11224,1.11232,1.11217,1.11225,1.11216,1.11225,1.11234,1.11240,1.11231,1.11240
2023-07-21T19:37:15.000000000Z,5,1.11232,1.11232,1.11230,1.11232,1.11225,1.11225,1.11223,1.11223,1.11239,1.11240,1.11238,1.11240
2023-07-21T19:37:20.000000000Z,2,1.11232,1.11232,1.11231,1.11231,1.11225,1.11225,1.11223,1.11223,1.11240,1.11240,1.11239,1.11239
2023-07-21T19:37:25.000000000Z,3,1.11230,1.11231,1.11230,1.11230,1.11222,1.11223,1.11222,1.11222,1.11239,1.11239,1.11239,1.11239
2023-07-21T19:37:30.000000000Z,4,1.11231,1.11232,1.11228,1.11230,1.11223,1.11223,1.11220,1.11221,1.11239,1.11240,1.11236,1.11238
2023-07-21T19:37:35.000000000Z,3,1.11230,1.11230,1.11230,1.11230,1.11222,1.11222,1.11221,1.11222,1.11238,1.11238,1.11238,1.11238
2023-07-21T19:37:40.000000000Z,2,1.11230,1.11231,1.11230,1.11231,1.11222,1.11223,1.11222,1.11223,1.11239,1.11239,1.11239,1.11239
2023-07-21T19:37:55.000000000Z,2,1.11230,1.11230,1.11230,1.11230,1.11222,1.11222,1.11222,1.11222,1.11239,1.11239,1.11238,1.11238
2023-07-21T19:38:00.000000000Z,2,1.11230,1.11231,1.11230,1.11231,1.11222,1.11223,1.11222,1.11223,1.11239,1.11239,1.11239,1.11239
2023-07-21T19:38:05.000000000Z,6,1.11230,1.11232,1.11230,1.11232,1.11222,1.11224,1.11222,1.11224,1.11237,1.11240,1.11237,1.11240
2023-07-21T19:38:10.000000000Z,2,1.11230,1.11231,1.11230,1.11231,1.11222,1.11223,1.11222,1.11223,1.11239,1.11239,1.11239,1.11239
2023-07-21T19:38:15.000000000Z,4,1.11230,1.11231,1.11230,1.11231,1.11223,1.11223,1.11222,1.11223,1.11238,1.11239,1.11237,1.11239
2023-07-21T19:38:20.000000000Z,4,1.11234,1.11237,1.11234,1.11236,1.11226,1.11229,1.11226,1.11228,1.11242,1.11245,1.11242,1.11245
2023-07-21T19:38:25.000000000Z,1,1.11235,1.11235,1.11235,1.11235,1.11227,1.11227,1.11227,1.11227,1.11243,1.11243,1.11243,1.11243
2023-07-21T19:38:30.000000000Z,2,1.11238,1.11240,1.11238,1.11240,1.11230,1.11231,1.11230,1.11231,1.11246,1.11248,1.11246,1.11248
2023-07-21T19:38:50.000000000Z,3,1.11240,1.11242,1.11240,1.11240,1.11232,1.11234,1.11232,1.11232,1.11248,1.11249,1.11248,1.11248
2023-07-21T19:38:55.000000000Z,3,1.11242,1.11242,1.11240,1.11242,1.11234,1.11234,1.11232,1.11234,1.11249,1.11249,1.11248,1.11249
2023-07-21T19:39:00.000000000Z,2,1.11240,1.11240,1.11240,1.11240,1.11232,1.11233,1.11232,1.11233,1.11248,1.11248,1.11248,1.11248
2023-07-21T19:39:05.000000000Z,1,1.11240,1.11240,1.11240,1.11240,1.11232,1.11232,1.11232,1.11232,1.11248,1.11248,1.11248,1.11248
2023-07-21T19:39:10.000000000Z,3,1.11240,1.11242,1.11240,1.11242,1.11232,1.11234,1.11232,1.11234,1.11249,1.11249,1.11248,1.11249
2023-07-21T19:39:15.000000000Z,5,1.11240,1.11240,1.11240,1.11240,1.11232,1.11233,1.11232,1.11232,1.11248,1.11248,1.11248,1.11248
2023-07-21T19:39:20.000000000Z,2,1.11245,1.11246,1.11245,1.11246,1.11237,1.11237,1.11237,1.11237,1.11253,1.11254,1.11253,1.11254
2023-07-21T19:39:35.000000000Z,2,1.11242,1.11242,1.11240,1.11240,1.11234,1.11234,1.11232,1.11232,1.11249,1.11249,1.11249,1.11249
2023-07-21T19:39:40.000000000Z,1,1.11239,1.11239,1.11239,1.11239,1.11231,1.11231,1.11231,1.11231,1.11247,1.11247,1.11247,1.11247
2023-07-21T19:39:45.000000000Z,2,1.11240,1.11240,1.11239,1.11239,1.11232,1.11232,1.11231,1.11231,1.11249,1.11249,1.11247,1.11247
2023-07-21T19:39:55.000000000Z,5,1.11238,1.11240,1.11238,1.11239,1.11229,1.11232,1.11229,1.11231,1.11246,1.11247,1.11246,1.11247
2023-07-21T19:40:00.000000000Z,4,1.11235,1.11238,1.11235,1.11238,1.11227,1.11230,1.11227,1.11230,1.11243,1.11246,1.11243,1.11245
2023-07-21T19:40:05.000000000Z,4,1.11238,1.11238,1.11238,1.11238,1.11230,1.11230,1.11230,1.11230,1.11246,1.11246,1.11245,1.11245
2023-07-21T19:40:15.000000000Z,5,1.11239,1.11240,1.11238,1.11240,1.11232,1.11233,1.11230,1.11233,1.11246,1.11247,1.11245,1.11247
2023-07-21T19:40:20.000000000Z,3,1.11242,1.11242,1.11241,1.11242,1.11234,1.11234,1.11233,1.11233,1.11249,1.11250,1.11249,1.11250
2023-07-21T19:40:25.000000000Z,4,1.11241,1.11242,1.11241,1.11242,1.11233,1.11233,1.11233,1.11233,1.11249,1.11250,1.11249,1.11250
2023-07-21T19:40:30.000000000Z,4,1.11240,1.11240,1.11239,1.11240,1.11233,1.11233,1.11231,1.11233,1.11248,1.11248,1.11247,1.11247
2023-07-21T19:40:35.000000000Z,3,1.11239,1.11240,1.11239,1.11239,1.11231,1.11232,1.11231,1.11231,1.11247,1.11247,1.11247,1.11247
2023-07-21T19:40:40.000000000Z,2,1.11238,1.11239,1.11238,1.11239,1.11230,1.11231,1.11230,1.11231,1.11245,1.11247,1.11245,1.11247
2023-07-21T19:40:50.000000000Z,2,1.11240,1.11240,1.11239,1.11239,1.11232,1.11232,1.11231,1.11231,1.11247,1.11247,1.11247,1.11247
2023-07-21T19:41:00.000000000Z,3,1.11240,1.11240,1.11239,1.11240,1.11233,1.11233,1.11231,1.11233,1.11248,1.11248,1.11247,1.11248
2023-07-21T19:41:05.000000000Z,3,1.11239,1.11240,1.11239,1.11240,1.11231,1.11233,1.11231,1.11232,1.11247,1.11248,1.11247,1.11248
2023-07-21T19:41:10.000000000Z,2,1.11238,1.11238,1.11238,1.11238,1.11230,1.11230,1.11230,1.11230,1.11246,1.11247,1.11246,1.11247
2023-07-21T19:41:15.000000000Z,1,1.11238,1.11238,1.11238,1.11238,1.11230,1.11230,1.11230,1.11230,1.11246,1.11246,1.11246,1.11246
2023-07-21T19:41:25.000000000Z,2,1.11238,1.11238,1.11237,1.11237,1.11229,1.11229,1.11229,1.11229,1.11246,1.11246,1.11245,1.11245
2023-07-21T19:41:30.000000000Z,3,1.11238,1.11238,1.11238,1.11238,1.11229,1.11230,1.11229,1.11229,1.11246,1.11246,1.11246,1.11246
2023-07-21T19:41:35.000000000Z,1,1.11238,1.11238,1.11238,1.11238,1.11230,1.11230,1.11230,1.11230,1.11246,1.11246,1.11246,1.11246
2023-07-21T19:41:50.000000000Z,2,1.11237,1.11237,1.11236,1.11236,1.11230,1.11230,1.11229,1.11229,1.11244,1.11244,1.11244,1.11244
2023-07-21T19:41:55.000000000Z,3,1.11235,1.11236,1.11235,1.11236,1.11227,1.11229,1.11227,1.11228,1.11243,1.11243,1.11243,1.11243
2023-07-21T19:42:00.000000000Z,1,1.11234,1.11234,1.11234,1.11234,1.11226,1.11226,1.11226,1.11226,1.11242,1.11242,1.11242,1.11242
2023-07-21T19:42:05.000000000Z,3,1.11236,1.11236,1.11234,1.11236,1.11228,1.11228,1.11226,1.11228,1.11243,1.11243,1.11242,1.11243
2023-07-21T19:42:15.000000000Z,6,1.11234,1.11236,1.11228,1.11228,1.11226,1.11228,1.11220,1.11220,1.11242,1.11243,1.11236,1.11236
2023-07-21T19:42:20.000000000Z,4,1.11230,1.11230,1.11230,1.11230,1.11222,1.11222,1.11221,1.11221,1.11238,1.11238,1.11238,1.11238
2023-07-21T19:42:30.000000000Z,1,1.11230,1.11230,1.11230,1.11230,1.11222,1.11222,1.11222,1.11222,1.11238,1.11238,1.11238,1.11238
2023-07-21T19:42:35.000000000Z,1,1.11230,1.11230,1.11230,1.11230,1.11221,1.11221,1.11221,1.11221,1.11238,1.11238,1.11238,1.11238
2023-07-21T19:42:40.000000000Z,1,1.11230,1.11230,1.11230,1.11230,1.11222,1.11222,1.11222,1.11222,1.11238,1.11238,1.11238,1.11238
2023-07-21T19:42:45.000000000Z,1,1.11230,1.11230,1.11230,1.11230,1.11221,1.11221,1.11221,1.11221,1.11238,1.11238,1.11238,1.11238
2023-07-21T19:42:50.000000000Z,2,1.11230,1.11230,1.11230,1.11230,1.11222,1.11222,1.11221,1.11221,1.11238,1.11238,1.11238,1.11238
2023-07-21T19:42:55.000000000Z,1,1.11228,1.11228,1.11228,1.11228,1.11220,1.11220,1.11220,1.11220,1.11236,1.11236,1.11236,1.11236
2023-07-21T19:43:00.000000000Z,4,1.11228,1.11231,1.11228,1.11230,1.11220,1.11224,1.11220,1.11222,1.11237,1.11238,1.11237,1.11237
2023-07-21T19:43:05.000000000Z,1,1.11230,1.11230,1.11230,1.11230,1.11221,1.11221,1.11221,1.11221,1.11238,1.11238,1.11238,1.11238
2023-07-21T19:43:10.000000000Z,1,1.11228,1.11228,1.11228,1.11228,1.11220,1.11220,1.11220,1.11220,1.11236,1.11236,1.11236,1.11236
2023-07-21T19:43:25.000000000Z,1,1.11230,1.11230,1.11230,1.11230,1.11221,1.11221,1.11221,1.11221,1.11238,1.11238,1.11238,1.11238
2023-07-21T19:43:40.000000000Z,2,1.11230,1.11230,1.11230,1.11230,1.11222,1.11222,1.11221,1.11221,1.11238,1.11238,1.11238,1.11238
2023-07-21T19:43:45.000000000Z,1,1.11230,1.11230,1.11230,1.11230,1.11222,1.11222,1.11222,1.11222,1.11238,1.11238,1.11238,1.11238
2023-07-21T19:43:55.000000000Z,4,1.11230,1.11230,1.11228,1.11230,1.11221,1.11222,1.11220,1.11221,1.11238,1.11238,1.11236,1.11238
2023-07-21T19:44:00.000000000Z,8,1.11228,1.11230,1.11228,1.11230,1.11220,1.11222,1.11220,1.11221,1.11236,1.11238,1.11236,1.11238
2023-07-21T19:44:05.000000000Z,5,1.11228,1.11231,1.11228,1.11231,1.11220,1.11224,1.11220,1.11224,1.11236,1.11238,1.11236,1.11238
2023-07-21T19:44:10.000000000Z,3,1.11230,1.11234,1.11230,1.11234,1.11222,1.11227,1.11222,1.11227,1.11237,1.11242,1.11237,1.11242
2023-07-21T19:44:15.000000000Z,4,1.11233,1.11234,1.11233,1.11234,1.11225,1.11227,1.11225,1.11226,1.11241,1.11243,1.11241,1.11243
2023-07-21T19:44:20.000000000Z,6,1.11234,1.11236,1.11234,1.11234,1.11226,1.11228,1.11226,1.11226,1.11242,1.11243,1.11242,1.11243
2023-07-21T19:44:25.000000000Z,3,1.11234,1.11236,1.11234,1.11234,1.11226,1.11228,1.11226,1.11226,1.11242,1.11243,1.11242,1.11242
2023-07-21T19:44:30.000000000Z,6,1.11236,1.11240,1.11234,1.11240,1.11228,1.11233,1.11226,1.11232,1.11243,1.11247,1.11242,1.11247
2023-07-21T19:44:35.000000000Z,6,1.11240,1.11240,1.11239,1.11240,1.11233,1.11233,1.11232,1.11232,1.11247,1.11247,1.11246,1.11247
2023-07-21T19:44:40.000000000Z,4,1.11240,1.11240,1.11238,1.11238,1.11233,1.11233,1.11230,1.11230,1.11247,1.11247,1.11245,1.11245
2023-07-21T19:44:50.000000000Z,4,1.11238,1.11240,1.11238,1.11239,1.11230,1.11232,1.11230,1.11231,1.11246,1.11247,1.11245,1.11247
2023-07-21T19:44:55.000000000Z,8,1.11238,1.11240,1.11238,1.11238,1.11230,1.11233,1.11230,1.11230,1.11245,1.11247,1.11245,1.11245
2023-07-21T19:45:00.000000000Z,5,1.11238,1.11238,1.11238,1.11238,1.11230,1.11230,1.11230,1.11230,1.11246,1.11246,1.11245,1.11246
2023-07-21T19:45:05.000000000Z,3,1.11238,1.11239,1.11238,1.11238,1.11230,1.11231,1.11230,1.11230,1.11245,1.11247,1.11245,1.11245
2023-07-21T19:45:15.000000000Z,3,1.11238,1.11238,1.11238,1.11238,1.11229,1.11230,1.11229,1.11230,1.11246,1.11246,1.11245,1.11245
2023-07-21T19:45:20.000000000Z,2,1.11238,1.11238,1.11236,1.11236,1.11230,1.11230,1.11229,1.11229,1.11246,1.11246,1.11244,1.11244
2023-07-21T19:45:45.000000000Z,3,1.11239,1.11239,1.11238,1.11239,1.11232,1.11232,1.11230,1.11232,1.11246,1.11246,1.11245,1.11246
2023-07-21T19:45:50.000000000Z,8,1.11238,1.11238,1.11236,1.11238,1.11230,1.11230,1.11229,1.11230,1.11245,1.11246,1.11244,1.11246
2023-07-21T19:46:00.000000000Z,6,1.11238,1.11240,1.11238,1.11239,1.11230,1.11232,1.11230,1.11231,1.11245,1.11247,1.11245,1.11247
2023-07-21T19:46:05.000000000Z,5,1.11240,1.11240,1.11239,1.11240,1.11232,1.11232,1.11231,1.11232,1.11247,1.11247,1.11247,1.11247
2023-07-21T19:46:10.000000000Z,4,1.11238,1.11238,1.11236,1.11238,1.11230,1.11230,1.11229,1.11230,1.11247,1.11247,1.11244,1.11246
2023-07-21T19:46:15.000000000Z,1,1.11236,1.11236,1.11236,1.11236,1.11229,1.11229,1.11229,1.11229,1.11244,1.11244,1.11244,1.11244
2023-07-21T19:46:25.000000000Z,1,1.11234,1.11234,1.11234,1.11234,1.11226,1.11226,1.11226,1.11226,1.11242,1.11242,1.11242,1.11242
2023-07-21T19:46:30.000000000Z,4,1.11236,1.11236,1.11234,1.11234,1.11227,1.11228,1.11226,1.11226,1.11244,1.11244,1.11242,1.11242
2023-07-21T19:46:35.000000000Z,1,1.11234,1.11234,1.11234,1.11234,1.11227,1.11227,1.11227,1.11227,1.11242,1.11242,1.11242,1.11242
2023-07-21T19:46:40.000000000Z,4,1.11234,1.11234,1.11234,1.11234,1.11226,1.11227,1.11226,1.11226,1.11242,1.11243,1.11242,1.11242
2023-07-21T19:46:45.000000000Z,2,1.11236,1.11236,1.11234,1.11234,1.11227,1.11227,1.11226,1.11226,1.11244,1.11244,1.11242,1.11242
2023-07-21T19:46:50.000000000Z,2,1.11234,1.11234,1.11234,1.11234,1.11227,1.11227,1.11226,1.11226,1.11242,1.11242,1.11242,1.11242
2023-07-21T19:47:00.000000000Z,6,1.11234,1.11234,1.11233,1.11234,1.11227,1.11227,1.11225,1.11227,1.11242,1.11242,1.11241,1.11241
2023-07-21T19:47:05.000000000Z,9,1.11233,1.11236,1.11233,1.11236,1.11225,1.11229,1.11225,1.11228,1.11241,1.11243,1.11241,1.11243
2023-07-21T19:47:10.000000000Z,7,1.11236,1.11240,1.11236,1.11239,1.11229,1.11232,1.11229,1.11231,1.11243,1.11247,1.11243,1.11247
2023-07-21T19:47:15.000000000Z,8,1.11240,1.11240,1.11238,1.11239,1.11232,1.11232,1.11230,1.11232,1.11247,1.11247,1.11245,1.11246
2023-07-21T19:47:20.000000000Z,8,1.11239,1.11246,1.11239,1.11245,1.11231,1.11238,1.11231,1.11238,1.11247,1.11254,1.11247,1.11252
2023-07-21T19:47:35.000000000Z,2,1.11246,1.11246,1.11244,1.11244,1.11238,1.11238,1.11237,1.11237,1.11254,1.11254,1.11252,1.11252
2023-07-21T19:47:40.000000000Z,4,1.11246,1.11246,1.11244,1.11244,1.11238,1.11238,1.11237,1.11237,1.11254,1.11254,1.11252,1.11252
2023-07-21T19:47:45.000000000Z,5,1.11246,1.11246,1.11244,1.11246,1.11238,1.11239,1.11237,1.11239,1.11254,1.11254,1.11252,1.11254
2023-07-21T19:47:50.000000000Z,6,1.11246,1.11246,1.11244,1.11244,1.11238,1.11239,1.11237,1.11237,1.11254,1.11254,1.11252,1.11252
2023-07-21T19:47:55.000000000Z,5,1.11245,1.11245,1.11244,1.11245,1.11237,1.11237,1.11237,1.11237,1.11253,1.11253,1.11252,1.11253
2023-07-21T19:48:00.000000000Z,6,1.11246,1.11246,1.11244,1.11245,1.11239,1.11239,1.11236,1.11237,1.11253,1.11253,1.11251,1.11253
2023-07-21T19:48:05.000000000Z,2,1.11244,1.11245,1.11244,1.11245,1.11237,1.11237,1.11237,1.11237,1.11252,1.11253,1.11252,1.11253
2023-07-21T19:48:10.000000000Z,5,1.11244,1.11245,1.11240,1.11240,1.11236,1.11237,1.11231,1.11231,1.11251,1.11253,1.11248,1.11248
2023-07-21T19:48:15.000000000Z,1,1.11238,1.11238,1.11238,1.11238,1.11230,1.11230,1.11230,1.11230,1.11245,1.11245,1.11245,1.11245
2023-07-21T19:48:20.000000000Z,2,1.11239,1.11239,1.11238,1.11238,1.11231,1.11231,1.11230,1.11230,1.11247,1.11247,1.11245,1.11245
2023-07-21T19:48:25.000000000Z,3,1.11239,1.11240,1.11239,1.11239,1.11231,1.11233,1.11231,1.11231,1.11247,1.11247,1.11247,1.11247
2023-07-21T19:48:30.000000000Z,5,1.11240,1.11244,1.11239,1.11244,1.11233,1.11236,1.11231,1.11236,1.11248,1.11252,1.11247,1.11252
2023-07-21T19:48:45.000000000Z,6,1.11244,1.11246,1.11244,1.11245,1.11236,1.11239,1.11236,1.11237,1.11253,1.11254,1.11252,1.11253
2023-07-21T19:48:50.000000000Z,3,1.11246,1.11246,1.11244,1.11245,1.11239,1.11239,1.11237,1.11237,1.11253,1.11253,1.11252,1.11253
2023-07-21T19:48:55.000000000Z,6,1.11244,1.11246,1.11244,1.11245,1.11237,1.11239,1.11237,1.11237,1.11252,1.11254,1.11252,1.11253
2023-07-21T19:49:00.000000000Z,3,1.11244,1.11245,1.11244,1.11244,1.11236,1.11237,1.11236,1.11236,1.11253,1.11253,1.11253,1.11253
2023-07-21T19:49:05.000000000Z,1,1.11245,1.11245,1.11245,1.11245,1.11237,1.11237,1.11237,1.11237,1.11253,1.11253,1.11253,1.11253
2023-07-21T19:49:10.000000000Z,1,1.11244,1.11244,1.11244,1.11244,1.11237,1.11237,1.11237,1.11237,1.11252,1.11252,1.11252,1.11252
2023-07-21T19:49:15.000000000Z,4,1.11245,1.11245,1.11244,1.11244,1.11237,1.11237,1.11237,1.11237,1.11253,1.11253,1.11252,1.11252
2023-07-21T19:49:20.000000000Z,5,1.11245,1.11245,1.11244,1.11245,1.11237,1.11237,1.11237,1.11237,1.11253,1.11253,1.11252,1.11253
2023-07-21T19:49:25.000000000Z,1,1.11244,1.11244,1.11244,1.11244,1.11236,1.11236,1.11236,1.11236,1.11253,1.11253,1.11253,1.11253
2023-07-21T19:49:30.000000000Z,6,1.11244,1.11244,1.11240,1.11244,1.11236,1.11236,1.11232,1.11236,1.11252,1.11253,1.11248,1.11252
2023-07-21T19:49:35.000000000Z,1,1.11246,1.11246,1.11246,1.11246,1.11237,1.11237,1.11237,1.11237,1.11254,1.11254,1.11254,1.11254
2023-07-21T19:49:40.000000000Z,2,1.11245,1.11246,1.11245,1.11246,1.11237,1.11237,1.11237,1.11237,1.11253,1.11254,1.11253,1.11254
2023-07-21T19:49:50.000000000Z,2,1.11246,1.11246,1.11246,1.11246,1.11239,1.11239,1.11238,1.11238,1.11254,1.11254,1.11254,1.11254
2023-07-21T19:49:55.000000000Z,1,1.11244,1.11244,1.11244,1.11244,1.11236,1.11236,1.11236,1.11236,1.11251,1.11251,1.11251,1.11251
2023-07-21T19:50:00.000000000Z,10,1.11246,1.11248,1.11244,1.11248,1.11237,1.11240,1.11236,1.11240,1.11254,1.11256,1.11251,1.11256
2023-07-21T19:50:05.000000000Z,1,1.11246,1.11246,1.11246,1.11246,1.11238,1.11238,1.11238,1.11238,1.11254,1.11254,1.11254,1.11254
2023-07-21T19:50:15.000000000Z,12,1.11244,1.11248,1.11244,1.11247,1.11237,1.11240,1.11237,1.11239,1.11252,1.11256,1.11252,1.11255
2023-07-21T19:50:20.000000000Z,3,1.11250,1.11250,1.11248,1.11250,1.11241,1.11242,1.11240,1.11242,1.11258,1.11258,1.11256,1.11258
2023-07-21T19:50:30.000000000Z,3,1.11248,1.11248,1.11246,1.11246,1.11240,1.11240,1.11238,1.11239,1.11256,1.11256,1.11253,1.11253
2023-07-21T19:50:35.000000000Z,2,1.11246,1.11246,1.11246,1.11246,1.11239,1.11239,1.11238,1.11238,1.11254,1.11254,1.11254,1.11254
2023-07-21T19:50:50.000000000Z,4,1.11244,1.11245,1.11244,1.11244,1.11236,1.11237,1.11236,1.11237,1.11251,1.11253,1.11251,1.11251
2023-07-21T19:50:55.000000000Z,2,1.11245,1.11245,1.11244,1.11244,1.11237,1.11237,1.11236,1.11236,1.11253,1.11253,1.11251,1.11251
2023-07-21T19:51:00.000000000Z,2,1.11245,1.11245,1.11244,1.11244,1.11237,1.11237,1.11236,1.11236,1.11253,1.11253,1.11251,1.11251
2023-07-21T19:51:05.000000000Z,7,1.11245,1.11246,1.11244,1.11244,1.11238,1.11238,1.11236,1.11236,1.11252,1.11254,1.11251,1.11251
2023-07-21T19:51:10.000000000Z,12,1.11246,1.11246,1.11244,1.11244,1.11238,1.11239,1.11236,1.11236,1.11254,1.11254,1.11251,1.11251
2023-07-21T19:51:15.000000000Z,9,1.11245,1.11245,1.11244,1.11244,1.11238,1.11238,1.11236,1.11237,1.11252,1.11253,1.11251,1.11252
2023-07-21T19:51:20.000000000Z,6,1.11245,1.11245,1.11244,1.11244,1.11237,1.11237,1.11237,1.11237,1.11253,1.11253,1.11251,1.11251
2023-07-21T19:51:25.000000000Z,2,1.11245,1.11245,1.11244,1.11244,1.11237,1.11237,1.11237,1.11237,1.11253,1.11253,1.11252,1.11252
2023-07-21T19:51:30.000000000Z,7,1.11246,1.11246,1.11244,1.11246,1.11238,1.11239,1.11237,1.11238,1.11254,1.11254,1.11252,1.11254
2023-07-21T19:51:35.000000000Z,9,1.11244,1.11246,1.11244,1.11244,1.11237,1.11239,1.11237,1.11237,1.11252,1.11254,1.11252,1.11252
2023-07-21T19:51:40.000000000Z,7,1.11246,1.11246,1.11244,1.11246,1.11238,1.11238,1.11237,1.11238,1.11254,1.11254,1.11252,1.11254
2023-07-21T19:51:45.000000000Z,5,1.11244,1.11246,1.11244,1.11244,1.11237,1.11238,1.11237,1.11237,1.11252,1.11254,1.11252,1.11252
2023-07-21T19:51:50.000000000Z,7,1.11245,1.11245,1.11244,1.11244,1.11237,1.11238,1.11236,1.11237,1.11253,1.11253,1.11251,1.11251
2023-07-21T19:51:55.000000000Z,5,1.11244,1.11246,1.11244,1.11244,1.11236,1.11238,1.11236,1.11237,1.11251,1.11254,1.11251,1.11252
2023-07-21T19:52:00.000000000Z,2,1.11246,1.11246,1.11244,1.11244,1.11239,1.11239,1.11237,1.11237,1.11253,1.11253,1.11252,1.11252
2023-07-21T19:52:05.000000000Z,6,1.11246,1.11246,1.11244,1.11246,1.11239,1.11239,1.11237,1.11239,1.11253,1.11254,1.11252,1.11254
2023-07-21T19:52:10.000000000Z,2,1.11246,1.11246,1.11245,1.11245,1.11238,1.11238,1.11238,1.11238,1.11254,1.11254,1.11252,1.11252
2023-07-21T19:52:15.000000000Z,7,1.11246,1.11247,1.11244,1.11247,1.11238,1.11240,1.11237,1.11240,1.11254,1.11254,1.11252,1.11254
2023-07-21T19:52:20.000000000Z,5,1.11246,1.11247,1.11245,1.11247,1.11239,1.11240,1.11238,1.11240,1.11253,1.11254,1.11252,1.11254
2023-07-21T19:52:25.000000000Z,3,1.11246,1.11247,1.11246,1.11246,1.11239,1.11240,1.11239,1.11239,1.11253,1.11254,1.11253,1.11253
2023-07-21T19:52:30.000000000Z,7,1.11247,1.11247,1.11246,1.11246,1.11240,1.11240,1.11239,1.11239,1.11254,1.11254,1.11253,1.11254
2023-07-21T19:52:35.000000000Z,3,1.11247,1.11250,1.11247,1.11250,1.11240,1.11242,1.11240,1.11242,1.11254,1.11258,1.11254,1.11258
2023-07-21T19:52:45.000000000Z,1,1.11250,1.11250,1.11250,1.11250,1.11242,1.11242,1.11242,1.11242,1.11259,1.11259,1.11259,1.11259
2023-07-21T19:52:50.000000000Z,4,1.11250,1.11250,1.11250,1.11250,1.11242,1.11242,1.11242,1.11242,1.11258,1.11259,1.11258,1.11259
2023-07-21T19:52:55.000000000Z,1,1.11251,1.11251,1.11251,1.11251,1.11243,1.11243,1.11243,1.11243,1.11259,1.11259,1.11259,1.11259
2023-07-21T19:53:00.000000000Z,3,1.11250,1.11251,1.11250,1.11250,1.11242,1.11243,1.11242,1.11242,1.11259,1.11259,1.11259,1.11259
2023-07-21T19:53:05.000000000Z,10,1.11250,1.11250,1.11246,1.11247,1.11242,1.11242,1.11238,1.11239,1.11258,1.11258,1.11254,1.11255
2023-07-21T19:53:10.000000000Z,4,1.11248,1.11250,1.11247,1.11250,1.11240,1.11242,1.11239,1.11241,1.11255,1.11258,1.11255,1.11258
2023-07-21T19:53:15.000000000Z,3,1.11248,1.11248,1.11244,1.11244,1.11240,1.11240,1.11237,1.11237,1.11256,1.11256,1.11252,1.11252
2023-07-21T19:53:20.000000000Z,1,1.11246,1.11246,1.11246,1.11246,1.11238,1.11238,1.11238,1.11238,1.11254,1.11254,1.11254,1.11254
2023-07-21T19:53:30.000000000Z,5,1.11248,1.11248,1.11246,1.11247,1.11240,1.11240,1.11238,1.11239,1.11255,1.11256,1.11254,1.11255
2023-07-21T19:53:35.000000000Z,3,1.11248,1.11248,1.11246,1.11246,1.11239,1.11239,1.11238,1.11239,1.11256,1.11256,1.11254,1.11254
2023-07-21T19:53:40.000000000Z,2,1.11246,1.11246,1.11244,1.11244,1.11239,1.11239,1.11237,1.11237,1.11253,1.11253,1.11252,1.11252
2023-07-21T19:53:45.000000000Z,2,1.11246,1.11246,1.11244,1.11244,1.11238,1.11238,1.11237,1.11237,1.11254,1.11254,1.11252,1.11252
2023-07-21T19:53:50.000000000Z,1,1.11246,1.11246,1.11246,1.11246,1.11238,1.11238,1.11238,1.11238,1.11254,1.11254,1.11254,1.11254
2023-07-21T19:54:00.000000000Z,2,1.11246,1.11246,1.11246,1.11246,1.11239,1.11239,1.11238,1.11238,1.11254,1.11254,1.11254,1.11254
2023-07-21T19:54:05.000000000Z,7,1.11248,1.11252,1.11248,1.11249,1.11240,1.11243,1.11240,1.11242,1.11257,1.11260,1.11256,1.11256
2023-07-21T19:54:10.000000000Z,3,1.11250,1.11252,1.11250,1.11252,1.11242,1.11243,1.11242,1.11243,1.11257,1.11260,1.11257,1.11260
2023-07-21T19:54:15.000000000Z,4,1.11251,1.11252,1.11250,1.11250,1.11243,1.11243,1.11242,1.11242,1.11259,1.11260,1.11257,1.11257
2023-07-21T19:54:20.000000000Z,3,1.11248,1.11248,1.11248,1.11248,1.11240,1.11240,1.11240,1.11240,1.11256,1.11257,1.11256,1.11256
2023-07-21T19:54:25.000000000Z,5,1.11250,1.11251,1.11250,1.11251,1.11242,1.11243,1.11242,1.11243,1.11258,1.11259,1.11258,1.11259
2023-07-21T19:54:30.000000000Z,4,1.11250,1.11251,1.11250,1.11251,1.11242,1.11243,1.11242,1.11243,1.11259,1.11259,1.11259,1.11259
2023-07-21T19:54:35.000000000Z,4,1.11250,1.11251,1.11250,1.11251,1.11242,1.11243,1.11242,1.11243,1.11259,1.11259,1.11259,1.11259
2023-07-21T19:54:40.000000000Z,2,1.11250,1.11250,1.11250,1.11250,1.11243,1.11243,1.11242,1.11242,1.11257,1.11257,1.11257,1.11257
2023-07-21T19:54:45.000000000Z,6,1.11248,1.11250,1.11247,1.11247,1.11240,1.11242,1.11239,1.11239,1.11256,1.11257,1.11255,1.11255
2023-07-21T19:54:50.000000000Z,12,1.11248,1.11250,1.11247,1.11248,1.11240,1.11242,1.11239,1.11240,1.11257,1.11257,1.11255,1.11256
2023-07-21T19:54:55.000000000Z,7,1.11248,1.11248,1.11244,1.11246,1.11240,1.11240,1.11237,1.11238,1.11255,1.11255,1.11252,1.11254
2023-07-21T19:55:00.000000000Z,3,1.11244,1.11246,1.11244,1.11244,1.11237,1.11238,1.11237,1.11237,1.11252,1.11254,1.11252,1.11252
2023-07-21T19:55:05.000000000Z,2,1.11246,1.11246,1.11244,1.11244,1.11238,1.11238,1.11237,1.11237,1.11254,1.11254,1.11252,1.11252
2023-07-21T19:55:15.000000000Z,7,1.11246,1.11246,1.11246,1.11246,1.11238,1.11239,1.11238,1.11238,1.11254,1.11254,1.11254,1.11254
2023-07-21T19:55:20.000000000Z,4,1.11245,1.11246,1.11244,1.11246,1.11238,1.11239,1.11237,1.11238,1.11252,1.11254,1.11252,1.11254
2023-07-21T19:55:30.000000000Z,5,1.11245,1.11246,1.11244,1.11246,1.11238,1.11239,1.11237,1.11238,1.11252,1.11254,1.11252,1.11254
2023-07-21T19:55:35.000000000Z,3,1.11245,1.11246,1.11245,1.11245,1.11238,1.11238,1.11238,1.11238,1.11252,1.11254,1.11252,1.11252
2023-07-21T19:55:40.000000000Z,2,1.11246,1.11246,1.11244,1.11244,1.11238,1.11238,1.11237,1.11237,1.11254,1.11254,1.11252,1.11252
2023-07-21T19:55:45.000000000Z,2,1.11246,1.11246,1.11244,1.11244,1.11238,1.11238,1.11237,1.11237,1.11254,1.11254,1.11252,1.11252
2023-07-21T19:55:55.000000000Z,4,1.11245,1.11245,1.11244,1.11244,1.11237,1.11238,1.11236,1.11236,1.11253,1.11253,1.11251,1.11253
2023-07-21T19:56:00.000000000Z,3,1.11245,1.11245,1.11244,1.11245,1.11237,1.11237,1.11236,1.11237,1.11253,1.11253,1.11251,1.11253
2023-07-21T19:56:10.000000000Z,3,1.11244,1.11246,1.11244,1.11246,1.11236,1.11238,1.11236,1.11238,1.11251,1.11254,1.11251,1.11254
2023-07-21T19:56:15.000000000Z,5,1.11244,1.11246,1.11244,1.11246,1.11237,1.11237,1.11236,1.11237,1.11252,1.11254,1.11251,1.11254
2023-07-21T19:56:20.000000000Z,7,1.11245,1.11246,1.11244,1.11246,1.11238,1.11238,1.11236,1.11238,1.11252,1.11254,1.11251,1.11254
2023-07-21T19:56:25.000000000Z,6,1.11245,1.11245,1.11244,1.11244,1.11238,1.11238,1.11236,1.11236,1.11252,1.11253,1.11251,1.11251
2023-07-21T19:56:30.000000000Z,5,1.11246,1.11248,1.11244,1.11246,1.11238,1.11240,1.11237,1.11238,1.11254,1.11255,1.11252,1.11254
2023-07-21T19:56:35.000000000Z,3,1.11245,1.11245,1.11244,1.11244,1.11238,1.11238,1.11236,1.11237,1.11252,1.11252,1.11251,1.11251
2023-07-21T19:56:40.000000000Z,1,1.11244,1.11244,1.11244,1.11244,1.11236,1.11236,1.11236,1.11236,1.11251,1.11251,1.11251,1.11251
2023-07-21T19:56:45.000000000Z,6,1.11245,1.11245,1.11244,1.11244,1.11237,1.11237,1.11236,1.11236,1.11253,1.11253,1.11251,1.11251
2023-07-21T19:56:50.000000000Z,4,1.11245,1.11245,1.11244,1.11244,1.11237,1.11237,1.11236,1.11236,1.11253,1.11253,1.11251,1.11251
2023-07-21T19:56:55.000000000Z,6,1.11245,1.11246,1.11244,1.11244,1.11237,1.11238,1.11236,1.11237,1.11253,1.11254,1.11251,1.11252
2023-07-21T19:57:10.000000000Z,6,1.11244,1.11244,1.11241,1.11242,1.11236,1.11237,1.11233,1.11234,1.11252,1.11252,1.11249,1.11249
2023-07-21T19:57:15.000000000Z,7,1.11241,1.11244,1.11241,1.11244,1.11233,1.11236,1.11233,1.11236,1.11249,1.11251,1.11249,1.11251
2023-07-21T19:57:20.000000000Z,5,1.11242,1.11244,1.11242,1.11242,1.11234,1.11236,1.11234,1.11234,1.11250,1.11251,1.11249,1.11250
2023-07-21T19:57:25.000000000Z,2,1.11242,1.11242,1.11242,1.11242,1.11234,1.11234,1.11234,1.11234,1.11251,1.11251,1.11250,1.11250
2023-07-21T19:57:30.000000000Z,4,1.11242,1.11242,1.11242,1.11242,1.11234,1.11234,1.11234,1.11234,1.11251,1.11251,1.11250,1.11250
2023-07-21T19:57:35.000000000Z,3,1.11242,1.11244,1.11242,1.11244,1.11234,1.11236,1.11234,1.11236,1.11251,1.11253,1.11251,1.11253
2023-07-21T19:57:50.000000000Z,2,1.11244,1.11244,1.11243,1.11243,1.11236,1.11236,1.11236,1.11236,1.11252,1.11252,1.11250,1.11250
2023-07-21T19:57:55.000000000Z,4,1.11244,1.11244,1.11243,1.11244,1.11236,1.11236,1.11236,1.11236,1.11251,1.11253,1.11250,1.11253
2023-07-21T19:58:00.000000000Z,5,1.11245,1.11245,1.11244,1.11245,1.11237,1.11237,1.11236,1.11237,1.11253,1.11253,1.11251,1.11253
2023-07-21T19:58:05.000000000Z,1,1.11244,1.11244,1.11244,1.11244,1.11236,1.11236,1.11236,1.11236,1.11251,1.11251,1.11251,1.11251
2023-07-21T19:58:10.000000000Z,3,1.11244,1.11244,1.11244,1.11244,1.11236,1.11237,1.11236,1.11237,1.11253,1.11253,1.11251,1.11251
2023-07-21T19:58:15.000000000Z,3,1.11244,1.11245,1.11244,1.11244,1.11236,1.11237,1.11236,1.11236,1.11251,1.11253,1.11251,1.11251
2023-07-21T19:58:20.000000000Z,1,1.11245,1.11245,1.11245,1.11245,1.11237,1.11237,1.11237,1.11237,1.11253,1.11253,1.11253,1.11253
2023-07-21T19:58:25.000000000Z,4,1.11244,1.11245,1.11244,1.11245,1.11236,1.11237,1.11236,1.11237,1.11253,1.11253,1.11253,1.11253
2023-07-21T19:58:35.000000000Z,1,1.11244,1.11244,1.11244,1.11244,1.11236,1.11236,1.11236,1.11236,1.11253,1.11253,1.11253,1.11253
2023-07-21T19:58:40.000000000Z,1,1.11245,1.11245,1.11245,1.11245,1.11237,1.11237,1.11237,1.11237,1.11253,1.11253,1.11253,1.11253
2023-07-21T19:58:45.000000000Z,1,1.11244,1.11244,1.11244,1.11244,1.11236,1.11236,1.11236,1.11236,1.11251,1.11251,1.11251,1.11251
2023-07-21T19:58:50.000000000Z,2,1.11245,1.11245,1.11244,1.11244,1.11237,1.11237,1.11236,1.11236,1.11253,1.11253,1.11251,1.11251
2023-07-21T19:59:05.000000000Z,7,1.11244,1.11245,1.11244,1.11244,1.11236,1.11237,1.11236,1.11236,1.11253,1.11253,1.11253,1.11253
2023-07-21T19:59:10.000000000Z,7,1.11244,1.11247,1.11244,1.11244,1.11236,1.11240,1.11236,1.11237,1.11252,1.11254,1.11252,1.11252
2023-07-21T19:59:15.000000000Z,11,1.11246,1.11250,1.11246,1.11250,1.11238,1.11243,1.11238,1.11242,1.11254,1.11257,1.11254,1.11257
2023-07-21T19:59:20.000000000Z,2,1.11250,1.11250,1.11250,1.11250,1.11243,1.11243,1.11242,1.11242,1.11257,1.11257,1.11257,1.11257
2023-07-21T19:59:25.000000000Z,9,1.11250,1.11250,1.11248,1.11250,1.11243,1.11243,1.11240,1.11242,1.11257,1.11257,1.11256,1.11257
2023-07-21T19:59:30.000000000Z,3,1.11250,1.11251,1.11250,1.11251,1.11243,1.11244,1.11242,1.11244,1.11257,1.11258,1.11257,1.11258
2023-07-21T19:59:35.000000000Z,1,1.11250,1.11250,1.11250,1.11250,1.11242,1.11242,1.11242,1.11242,1.11257,1.11257,1.11257,1.11257
2023-07-21T19:59:40.000000000Z,2,1.11250,1.11250,1.11250,1.11250,1.11243,1.11243,1.11242,1.11242,1.11257,1.11257,1.11257,1.11257
2023-07-21T19:59:45.000000000Z,1,1.11250,1.11250,1.11250,1.11250,1.11243,1.11243,1.11243,1.11243,1.11257,1.11257,1.11257,1.11257
2023-07-21T19:59:50.000000000Z,5,1.11250,1.11250,1.11249,1.11250,1.11242,1.11243,1.11242,1.11243,1.11257,1.11257,1.11256,1.11257
2023-07-21T19:59:55.000000000Z,14,1.11253,1.11256,1.11251,1.11254,1.11246,1.11248,1.11244,1.11246,1.11260,1.11263,1.11258,1.11262
2023-07-21T20:00:00.000000000Z,13,1.11258,1.11260,1.11258,1.11260,1.11250,1.11253,1.11250,1.11252,1.11266,1.11268,1.11265,1.11268
2023-07-21T20:00:05.000000000Z,7,1.11260,1.11260,1.11257,1.11257,1.11253,1.11253,1.11250,1.11250,1.11268,1.11268,1.11264,1.11264
2023-07-21T20:00:15.000000000Z,1,1.11256,1.11256,1.11256,1.11256,1.11249,1.11249,1.11249,1.11249,1.11264,1.11264,1.11264,1.11264
2023-07-21T20:00:20.000000000Z,2,1.11257,1.11257,1.11256,1.11256,1.11250,1.11250,1.11249,1.11249,1.11264,1.11264,1.11264,1.11264
2023-07-21T20:00:25.000000000Z,1,1.11257,1.11257,1.11257,1.11257,1.11250,1.11250,1.11250,1.11250,1.11264,1.11264,1.11264,1.11264
2023-07-21T20:00:30.000000000Z,2,1.11256,1.11257,1.11256,1.11257,1.11249,1.11250,1.11249,1.11250,1.11264,1.11264,1.11264,1.11264
2023-07-21T20:00:35.000000000Z,5,1.11256,1.11256,1.11254,1.11256,1.11249,1.11249,1.11246,1.11248,1.11264,1.11264,1.11262,1.11263
2023-07-21T20:00:40.000000000Z,2,1.11254,1.11256,1.11254,1.11256,1.11246,1.11248,1.11246,1.11248,1.11262,1.11263,1.11262,1.11263
2023-07-21T20:00:45.000000000Z,1,1.11254,1.11254,1.11254,1.11254,1.11246,1.11246,1.11246,1.11246,1.11262,1.11262,1.11262,1.11262
2023-07-21T20:00:50.000000000Z,1,1.11256,1.11256,1.11256,1.11256,1.11248,1.11248,1.11248,1.11248,1.11263,1.11263,1.11263,1.11263
2023-07-21T20:00:55.000000000Z,3,1.11254,1.11254,1.11254,1.11254,1.11246,1.11247,1.11246,1.11246,1.11262,1.11262,1.11262,1.11262
2023-07-21T20:01:00.000000000Z,5,1.11252,1.11252,1.11250,1.11251,1.11244,1.11244,1.11242,1.11244,1.11260,1.11260,1.11257,1.11258
2023-07-21T20:01:05.000000000Z,4,1.11252,1.11254,1.11252,1.11254,1.11244,1.11245,1.11243,1.11245,1.11260,1.11262,1.11260,1.11262
2023-07-21T20:01:10.000000000Z,5,1.11252,1.11252,1.11252,1.11252,1.11244,1.11244,1.11244,1.11244,1.11259,1.11261,1.11259,1.11261
2023-07-21T20:01:15.000000000Z,4,1.11252,1.11256,1.11252,1.11256,1.11244,1.11247,1.11244,1.11247,1.11259,1.11264,1.11259,1.11264
2023-07-21T20:01:20.000000000Z,6,1.11258,1.11258,1.11257,1.11258,1.11249,1.11250,1.11249,1.11250,1.11266,1.11266,1.11265,1.11266
2023-07-21T20:01:25.000000000Z,6,1.11258,1.11259,1.11258,1.11259,1.11250,1.11251,1.11250,1.11251,1.11267,1.11267,1.11265,1.11267
2023-07-21T20:01:30.000000000Z,4,1.11258,1.11259,1.11256,1.11258,1.11250,1.11251,1.11249,1.11250,1.11265,1.11267,1.11264,1.11266
2023-07-21T20:01:35.000000000Z,1,1.11258,1.11258,1.11258,1.11258,1.11250,1.11250,1.11250,1.11250,1.11267,1.11267,1.11267,1.11267
2023-07-21T20:01:45.000000000Z,4,1.11260,1.11262,1.11260,1.11260,1.11252,1.11253,1.11252,1.11252,1.11269,1.11270,1.11268,1.11268
2023-07-21T20:01:50.000000000Z,3,1.11262,1.11262,1.11262,1.11262,1.11255,1.11255,1.11253,1.11254,1.11270,1.11270,1.11270,1.11270
2023-07-21T20:01:55.000000000Z,14,1.11259,1.11267,1.11259,1.11265,1.11251,1.11259,1.11251,1.11257,1.11267,1.11275,1.11267,1.11273
2023-07-21T20:02:00.000000000Z,4,1.11264,1.11264,1.11264,1.11264,1.11257,1.11257,1.11256,1.11256,1.11271,1.11271,1.11271,1.11271
2023-07-21T20:02:05.000000000Z,1,1.11265,1.11265,1.11265,1.11265,1.11258,1.11258,1.11258,1.11258,1.11272,1.11272,1.11272,1.11272
2023-07-21T20:02:10.000000000Z,4,1.11264,1.11265,1.11264,1.11264,1.11256,1.11257,1.11256,1.11257,1.11271,1.11273,1.11271,1.11271
2023-07-21T20:02:15.000000000Z,5,1.11264,1.11266,1.11264,1.11264,1.11256,1.11257,1.11256,1.11256,1.11271,1.11274,1.11271,1.11273
2023-07-21T20:02:20.000000000Z,6,1.11262,1.11266,1.11262,1.11266,1.11254,1.11257,1.11254,1.11257,1.11270,1.11274,1.11270,1.11274
2023-07-21T20:02:25.000000000Z,2,1.11265,1.11266,1.11265,1.11266,1.11257,1.11257,1.11257,1.11257,1.11273,1.11274,1.11273,1.11274
2023-07-21T20:02:30.000000000Z,2,1.11264,1.11265,1.11264,1.11265,1.11256,1.11258,1.11256,1.11258,1.11271,1.11272,1.11271,1.11272
2023-07-21T20:02:40.000000000Z,3,1.11264,1.11264,1.11262,1.11262,1.11256,1.11257,1.11255,1.11255,1.11271,1.11271,1.11270,1.11270
2023-07-21T20:02:55.000000000Z,3,1.11261,1.11261,1.11259,1.11259,1.11253,1.11253,1.11251,1.11251,1.11269,1.11269,1.11267,1.11267
2023-07-21T20:03:00.000000000Z,4,1.11260,1.11260,1.11258,1.11259,1.11253,1.11253,1.11251,1.11251,1.11268,1.11268,1.11266,1.11267
2023-07-21T20:03:10.000000000Z,5,1.11260,1.11260,1.11258,1.11259,1.11252,1.11252,1.11251,1.11251,1.11269,1.11269,1.11266,1.11267
2023-07-21T20:03:15.000000000Z,2,1.11258,1.11259,1.11258,1.11259,1.11251,1.11251,1.11251,1.11251,1.11266,1.11267,1.11266,1.11267
2023-07-21T20:03:25.000000000Z,1,1.11258,1.11258,1.11258,1.11258,1.11251,1.11251,1.11251,1.11251,1.11266,1.11266,1.11266,1.11266
2023-07-21T20:03:30.000000000Z,4,1.11259,1.11260,1.11258,1.11260,1.11251,1.11252,1.11251,1.11252,1.11267,1.11269,1.11266,1.11269
2023-07-21T20:03:40.000000000Z,1,1.11259,1.11259,1.11259,1.11259,1.11251,1.11251,1.11251,1.11251,1.11267,1.11267,1.11267,1.11267
2023-07-21T20:03:45.000000000Z,2,1.11258,1.11260,1.11258,1.11260,1.11251,1.11251,1.11251,1.11251,1.11266,1.11269,1.11266,1.11269
2023-07-21T20:03:50.000000000Z,1,1.11260,1.11260,1.11260,1.11260,1.11251,1.11251,1.11251,1.11251,1.11268,1.11268,1.11268,1.11268
2023-07-21T20:04:00.000000000Z,1,1.11258,1.11258,1.11258,1.11258,1.11250,1.11250,1.11250,1.11250,1.11266,1.11266,1.11266,1.11266
2023-07-21T20:04:05.000000000Z,3,1.11256,1.11256,1.11254,1.11254,1.11248,1.11248,1.11246,1.11246,1.11265,1.11265,1.11262,1.11263
2023-07-21T20:04:10.000000000Z,2,1.11254,1.11256,1.11254,1.11256,1.11246,1.11247,1.11246,1.11247,1.11262,1.11264,1.11262,1.11264
2023-07-21T20:04:15.000000000Z,1,1.11254,1.11254,1.11254,1.11254,1.11246,1.11246,1.11246,1.11246,1.11262,1.11262,1.11262,1.11262
2023-07-21T20:04:20.000000000Z,3,1.11256,1.11256,1.11255,1.11256,1.11247,1.11247,1.11247,1.11247,1.11264,1.11264,1.11263,1.11264
2023-07-21T20:04:25.000000000Z,2,1.11254,1.11256,1.11254,1.11256,1.11246,1.11247,1.11246,1.11247,1.11262,1.11264,1.11262,1.11264
2023-07-21T20:04:30.000000000Z,3,1.11254,1.11256,1.11254,1.11254,1.11246,1.11247,1.11246,1.11246,1.11262,1.11264,1.11262,1.11262
2023-07-21T20:04:35.000000000Z,4,1.11256,1.11258,1.11256,1.11258,1.11247,1.11250,1.11247,1.11249,1.11265,1.11266,1.11265,1.11266
2023-07-21T20:04:40.000000000Z,2,1.11257,1.11258,1.11257,1.11258,1.11248,1.11249,1.11248,1.11249,1.11266,1.11266,1.11266,1.11266
2023-07-21T20:04:45.000000000Z,1,1.11257,1.11257,1.11257,1.11257,1.11248,1.11248,1.11248,1.11248,1.11266,1.11266,1.11266,1.11266
2023-07-21T20:04:55.000000000Z,4,1.11258,1.11259,1.11257,1.11259,1.11249,1.11251,1.11249,1.11251,1.11266,1.11267,1.11265,1.11267
2023-07-21T20:05:00.000000000Z,1,1.11259,1.11259,1.11259,1.11259,1.11250,1.11250,1.11250,1.11250,1.11268,1.11268,1.11268,1.11268
2023-07-21T20:05:15.000000000Z,7,1.11258,1.11258,1.11254,1.11256,1.11249,1.11249,1.11246,1.11247,1.11266,1.11266,1.11262,1.11264
2023-07-21T20:05:45.000000000Z,1,1.11254,1.11254,1.11254,1.11254,1.11246,1.11246,1.11246,1.11246,1.11262,1.11262,1.11262,1.11262
2023-07-21T20:05:50.000000000Z,2,1.11256,1.11256,1.11254,1.11254,1.11247,1.11247,1.11246,1.11246,1.11264,1.11264,1.11262,1.11262
2023-07-21T20:05:55.000000000Z,2,1.11254,1.11254,1.11254,1.11254,1.11247,1.11247,1.11246,1.11246,1.11262,1.11262,1.11262,1.11262
2023-07-21T20:06:00.000000000Z,6,1.11254,1.11255,1.11253,1.11253,1.11245,1.11246,1.11245,1.11245,1.11262,1.11264,1.11261,1.11261
2023-07-21T20:06:05.000000000Z,3,1.11254,1.11254,1.11253,1.11253,1.11247,1.11247,1.11244,1.11244,1.11262,1.11262,1.11262,1.11262
2023-07-21T20:06:10.000000000Z,5,1.11260,1.11261,1.11258,1.11258,1.11253,1.11254,1.11250,1.11250,1.11268,1.11268,1.11266,1.11267
2023-07-21T20:06:15.000000000Z,2,1.11258,1.11258,1.11258,1.11258,1.11249,1.11250,1.11249,1.11250,1.11267,1.11267,1.11267,1.11267
2023-07-21T20:06:25.000000000Z,2,1.11255,1.11256,1.11255,1.11256,1.11247,1.11247,1.11247,1.11247,1.11263,1.11264,1.11263,1.11264
2023-07-21T20:06:40.000000000Z,6,1.11255,1.11256,1.11255,1.11256,1.11247,1.11248,1.11247,1.11247,1.11263,1.11265,1.11263,1.11264
2023-07-21T20:06:50.000000000Z,5,1.11255,1.11256,1.11255,1.11255,1.11247,1.11248,1.11247,1.11247,1.11263,1.11265,1.11263,1.11263
2023-07-21T20:06:55.000000000Z,5,1.11256,1.11256,1.11254,1.11256,1.11247,1.11247,1.11246,1.11247,1.11264,1.11265,1.11262,1.11265
2023-07-21T20:07:00.000000000Z,3,1.11254,1.11256,1.11254,1.11255,1.11246,1.11247,1.11246,1.11247,1.11262,1.11264,1.11262,1.11263
2023-07-21T20:07:05.000000000Z,3,1.11256,1.11256,1.11255,1.11256,1.11247,1.11247,1.11247,1.11247,1.11264,1.11264,1.11263,1.11264
2023-07-21T20:07:25.000000000Z,3,1.11257,1.11257,1.11256,1.11257,1.11250,1.11250,1.11249,1.11250,1.11264,1.11264,1.11264,1.11264
2023-07-21T20:07:30.000000000Z,3,1.11256,1.11256,1.11254,1.11254,1.11248,1.11248,1.11246,1.11247,1.11263,1.11263,1.11262,1.11262
2023-07-21T20:07:35.000000000Z,6,1.11258,1.11262,1.11258,1.11262,1.11251,1.11254,1.11251,1.11253,1.11265,1.11270,1.11265,1.11270
2023-07-21T20:07:40.000000000Z,6,1.11260,1.11262,1.11259,1.11260,1.11252,1.11253,1.11251,1.11252,1.11268,1.11271,1.11267,1.11269
2023-07-21T20:07:50.000000000Z,2,1.11261,1.11262,1.11261,1.11262,1.11253,1.11254,1.11253,1.11254,1.11269,1.11269,1.11269,1.11269
2023-07-21T20:08:00.000000000Z,2,1.11261,1.11262,1.11261,1.11262,1.11253,1.11254,1.11253,1.11254,1.11269,1.11271,1.11269,1.11271
2023-07-21T20:08:05.000000000Z,1,1.11261,1.11261,1.11261,1.11261,1.11253,1.11253,1.11253,1.11253,1.11269,1.11269,1.11269,1.11269
2023-07-21T20:08:10.000000000Z,3,1.11262,1.11262,1.11261,1.11261,1.11254,1.11254,1.11253,1.11253,1.11271,1.11271,1.11269,1.11269
2023-07-21T20:08:20.000000000Z,1,1.11262,1.11262,1.11262,1.11262,1.11253,1.11253,1.11253,1.11253,1.11270,1.11270,1.11270,1.11270
2023-07-21T20:08:30.000000000Z,3,1.11260,1.11260,1.11260,1.11260,1.11252,1.11252,1.11252,1.11252,1.11268,1.11269,1.11268,1.11268
2023-07-21T20:08:40.000000000Z,3,1.11260,1.11262,1.11260,1.11261,1.11252,1.11255,1.11252,1.11253,1.11269,1.11270,1.11269,1.11269
2023-07-21T20:08:45.000000000Z,3,1.11262,1.11262,1.11260,1.11262,1.11253,1.11253,1.11252,1.11253,1.11270,1.11270,1.11268,1.11270
2023-07-21T20:08:50.000000000Z,4,1.11261,1.11262,1.11261,1.11262,1.11253,1.11254,1.11253,1.11253,1.11269,1.11270,1.11269,1.11270
2023-07-21T20:09:00.000000000Z,1,1.11261,1.11261,1.11261,1.11261,1.11253,1.11253,1.11253,1.11253,1.11269,1.11269,1.11269,1.11269
2023-07-21T20:09:10.000000000Z,4,1.11261,1.11262,1.11260,1.11261,1.11254,1.11254,1.11253,1.11253,1.11268,1.11270,1.11268,1.11269
2023-07-21T20:09:20.000000000Z,2,1.11262,1.11262,1.11261,1.11261,1.11255,1.11255,1.11253,1.11253,1.11270,1.11270,1.11269,1.11269
2023-07-21T20:09:30.000000000Z,2,1.11262,1.11262,1.11261,1.11261,1.11254,1.11254,1.11254,1.11254,1.11269,1.11269,1.11268,1.11268
2023-07-21T20:09:35.000000000Z,5,1.11262,1.11262,1.11260,1.11262,1.11255,1.11255,1.11252,1.11253,1.11270,1.11270,1.11268,1.11270
2023-07-21T20:09:40.000000000Z,7,1.11261,1.11262,1.11260,1.11262,1.11253,1.11254,1.11252,1.11254,1.11269,1.11270,1.11268,1.11269
2023-07-21T20:09:45.000000000Z,9,1.11260,1.11262,1.11260,1.11260,1.11252,1.11254,1.11252,1.11252,1.11268,1.11270,1.11268,1.11268
2023-07-21T20:09:50.000000000Z,7,1.11262,1.11262,1.11261,1.11261,1.11253,1.11254,1.11253,1.11253,1.11270,1.11270,1.11269,1.11269
2023-07-21T20:09:55.000000000Z,7,1.11260,1.11262,1.11260,1.11261,1.11253,1.11253,1.11252,1.11253,1.11268,1.11270,1.11268,1.11269
2023-07-21T20:10:00.000000000Z,2,1.11262,1.11262,1.11261,1.11261,1.11253,1.11253,1.11253,1.11253,1.11270,1.11270,1.11269,1.11269
2023-07-21T20:10:05.000000000Z,1,1.11262,1.11262,1.11262,1.11262,1.11255,1.11255,1.11255,1.11255,1.11270,1.11270,1.11270,1.11270
2023-07-21T20:10:25.000000000Z,3,1.11261,1.11262,1.11261,1.11261,1.11253,1.11255,1.11253,1.11254,1.11269,1.11270,1.11268,1.11268
2023-07-21T20:10:30.000000000Z,3,1.11264,1.11264,1.11262,1.11262,1.11256,1.11256,1.11254,1.11254,1.11271,1.11272,1.11270,1.11270
2023-07-21T20:10:35.000000000Z,3,1.11264,1.11264,1.11262,1.11264,1.11256,1.11256,1.11254,1.11255,1.11271,1.11272,1.11270,1.11272
2023-07-21T20:10:40.000000000Z,1,1.11264,1.11264,1.11264,1.11264,1.11256,1.11256,1.11256,1.11256,1.11272,1.11272,1.11272,1.11272
2023-07-21T20:10:55.000000000Z,2,1.11264,1.11264,1.11264,1.11264,1.11255,1.11256,1.11255,1.11256,1.11272,1.11272,1.11272,1.11272
2023-07-21T20:11:05.000000000Z,2,1.11262,1.11262,1.11262,1.11262,1.11254,1.11254,1.11254,1.11254,1.11271,1.11271,1.11270,1.11270
2023-07-21T20:11:10.000000000Z,1,1.11264,1.11264,1.11264,1.11264,1.11255,1.11255,1.11255,1.11255,1.11272,1.11272,1.11272,1.11272
2023-07-21T20:11:25.000000000Z,3,1.11264,1.11264,1.11262,1.11262,1.11256,1.11256,1.11254,1.11254,1.11272,1.11272,1.11270,1.11270
2023-07-21T20:11:35.000000000Z,4,1.11264,1.11264,1.11262,1.11264,1.11255,1.11256,1.11254,1.11256,1.11272,1.11272,1.11270,1.11272
2023-07-21T20:11:45.000000000Z,2,1.11264,1.11264,1.11264,1.11264,1.11256,1.11256,1.11256,1.11256,1.11273,1.11273,1.11272,1.11272
2023-07-21T20:12:00.000000000Z,2,1.11264,1.11264,1.11262,1.11262,1.11257,1.11257,1.11254,1.11254,1.11271,1.11271,1.11270,1.11270
2023-07-21T20:12:10.000000000Z,1,1.11264,1.11264,1.11264,1.11264,1.11256,1.11256,1.11256,1.11256,1.11271,1.11271,1.11271,1.11271
2023-07-21T20:12:20.000000000Z,3,1.11264,1.11265,1.11264,1.11264,1.11257,1.11257,1.11256,1.11256,1.11271,1.11273,1.11271,1.11271
2023-07-21T20:12:25.000000000Z,4,1.11266,1.11266,1.11264,1.11264,1.11258,1.11258,1.11256,1.11256,1.11274,1.11274,1.11271,1.11271
2023-07-21T20:12:30.000000000Z,5,1.11266,1.11266,1.11264,1.11264,1.11257,1.11259,1.11256,1.11256,1.11274,1.11274,1.11271,1.11271
2023-07-21T20:12:50.000000000Z,3,1.11262,1.11262,1.11260,1.11260,1.11254,1.11254,1.11251,1.11251,1.11270,1.11270,1.11269,1.11269
2023-07-21T20:12:55.000000000Z,3,1.11260,1.11260,1.11260,1.11260,1.11252,1.11253,1.11252,1.11252,1.11268,1.11268,1.11268,1.11268
2023-07-21T20:13:00.000000000Z,3,1.11262,1.11262,1.11260,1.11262,1.11253,1.11253,1.11252,1.11253,1.11270,1.11270,1.11268,1.11270
2023-07-21T20:13:05.000000000Z,1,1.11260,1.11260,1.11260,1.11260,1.11252,1.11252,1.11252,1.11252,1.11268,1.11268,1.11268,1.11268
2023-07-21T20:13:10.000000000Z,3,1.11262,1.11262,1.11260,1.11260,1.11253,1.11253,1.11252,1.11252,1.11270,1.11270,1.11268,1.11269
2023-07-21T20:13:15.000000000Z,2,1.11260,1.11262,1.11260,1.11262,1.11252,1.11253,1.11252,1.11253,1.11268,1.11270,1.11268,1.11270
2023-07-21T20:13:20.000000000Z,2,1.11260,1.11262,1.11260,1.11262,1.11251,1.11253,1.11251,1.11253,1.11269,1.11270,1.11269,1.11270
2023-07-21T20:13:25.000000000Z,1,1.11260,1.11260,1.11260,1.11260,1.11251,1.11251,1.11251,1.11251,1.11269,1.11269,1.11269,1.11269
2023-07-21T20:13:45.000000000Z,1,1.11262,1.11262,1.11262,1.11262,1.11253,1.11253,1.11253,1.11253,1.11270,1.11270,1.11270,1.11270
2023-07-21T20:13:55.000000000Z,3,1.11262,1.11264,1.11262,1.11262,1.11255,1.11255,1.11254,1.11254,1.11270,1.11272,1.11270,1.11270
2023-07-21T20:14:15.000000000Z,2,1.11262,1.11262,1.11260,1.11260,1.11253,1.11253,1.11252,1.11252,1.11270,1.11270,1.11268,1.11268
2023-07-21T20:14:25.000000000Z,2,1.11260,1.11262,1.11260,1.11262,1.11251,1.11253,1.11251,1.11253,1.11269,1.11270,1.11269,1.11270
2023-07-21T20:14:30.000000000Z,2,1.11260,1.11262,1.11260,1.11262,1.11252,1.11253,1.11252,1.11253,1.11268,1.11270,1.11268,1.11270
2023-07-21T20:15:00.000000000Z,1,1.11260,1.11260,1.11260,1.11260,1.11252,1.11252,1.11252,1.11252,1.11268,1.11268,1.11268,1.11268
2023-07-21T20:15:20.000000000Z,4,1.11263,1.11266,1.11263,1.11265,1.11254,1.11258,1.11254,1.11256,1.11272,1.11275,1.11272,1.11274
2023-07-21T20:15:30.000000000Z,7,1.11264,1.11265,1.11264,1.11264,1.11256,1.11257,1.11256,1.11256,1.11273,1.11273,1.11271,1.11271
2023-07-21T20:15:40.000000000Z,2,1.11266,1.11266,1.11265,1.11265,1.11257,1.11257,1.11256,1.11256,1.11274,1.11274,1.11274,1.11274
2023-07-21T20:16:00.000000000Z,3,1.11266,1.11266,1.11264,1.11264,1.11257,1.11257,1.11256,1.11256,1.11274,1.11274,1.11273,1.11273
2023-07-21T20:16:05.000000000Z,2,1.11265,1.11265,1.11264,1.11264,1.11256,1.11256,1.11256,1.11256,1.11274,1.11274,1.11273,1.11273
2023-07-21T20:16:10.000000000Z,4,1.11265,1.11265,1.11264,1.11264,1.11256,1.11256,1.11256,1.11256,1.11274,1.11274,1.11272,1.11272
2023-07-21T20:16:25.000000000Z,1,1.11264,1.11264,1.11264,1.11264,1.11256,1.11256,1.11256,1.11256,1.11273,1.11273,1.11273,1.11273
2023-07-21T20:16:30.000000000Z,4,1.11265,1.11266,1.11265,1.11266,1.11256,1.11257,1.11256,1.11257,1.11274,1.11274,1.11274,1.11274
2023-07-21T20:16:35.000000000Z,2,1.11265,1.11266,1.11265,1.11266,1.11256,1.11257,1.11256,1.11257,1.11274,1.11274,1.11274,1.11274
2023-07-21T20:16:40.000000000Z,2,1.11267,1.11267,1.11266,1.11266,1.11259,1.11259,1.11257,1.11257,1.11275,1.11275,1.11274,1.11274
2023-07-21T20:16:50.000000000Z,2,1.11267,1.11267,1.11266,1.11266,1.11259,1.11259,1.11257,1.11257,1.11275,1.11275,1.11275,1.11275
2023-07-21T20:17:00.000000000Z,1,1.11264,1.11264,1.11264,1.11264,1.11256,1.11256,1.11256,1.11256,1.11273,1.11273,1.11273,1.11273
2023-07-21T20:17:05.000000000Z,3,1.11265,1.11271,1.11265,1.11271,1.11256,1.11262,1.11256,1.11262,1.11274,1.11280,1.11274,1.11280
2023-07-21T20:17:10.000000000Z,1,1.11270,1.11270,1.11270,1.11270,1.11262,1.11262,1.11262,1.11262,1.11279,1.11279,1.11279,1.11279
2023-07-21T20:17:20.000000000Z,1,1.11269,1.11269,1.11269,1.11269,1.11260,1.11260,1.11260,1.11260,1.11278,1.11278,1.11278,1.11278
2023-07-21T20:17:25.000000000Z,1,1.11270,1.11270,1.11270,1.11270,1.11261,1.11261,1.11261,1.11261,1.11278,1.11278,1.11278,1.11278
2023-07-21T20:17:50.000000000Z,1,1.11269,1.11269,1.11269,1.11269,1.11260,1.11260,1.11260,1.11260,1.11278,1.11278,1.11278,1.11278
2023-07-21T20:18:00.000000000Z,1,1.11270,1.11270,1.11270,1.11270,1.11261,1.11261,1.11261,1.11261,1.11278,1.11278,1.11278,1.11278
2023-07-21T20:18:05.000000000Z,1,1.11269,1.11269,1.11269,1.11269,1.11260,1.11260,1.11260,1.11260,1.11278,1.11278,1.11278,1.11278
2023-07-21T20:18:20.000000000Z,1,1.11268,1.11268,1.11268,1.11268,1.11260,1.11260,1.11260,1.11260,1.11277,1.11277,1.11277,1.11277
2023-07-21T20:18:25.000000000Z,1,1.11269,1.11269,1.11269,1.11269,1.11260,1.11260,1.11260,1.11260,1.11278,1.11278,1.11278,1.11278
2023-07-21T20:18:30.000000000Z,1,1.11270,1.11270,1.11270,1.11270,1.11261,1.11261,1.11261,1.11261,1.11278,1.11278,1.11278,1.11278
2023-07-21T20:18:35.000000000Z,1,1.11269,1.11269,1.11269,1.11269,1.11260,1.11260,1.11260,1.11260,1.11278,1.11278,1.11278,1.11278
2023-07-21T20:18:50.000000000Z,2,1.11270,1.11270,1.11269,1.11269,1.11261,1.11261,1.11260,1.11260,1.11278,1.11278,1.11278,1.11278
2023-07-21T20:19:15.000000000Z,1,1.11270,1.11270,1.11270,1.11270,1.11262,1.11262,1.11262,1.11262,1.11279,1.11279,1.11279,1.11279
2023-07-21T20:19:20.000000000Z,1,1.11269,1.11269,1.11269,1.11269,1.11260,1.11260,1.11260,1.11260,1.11278,1.11278,1.11278,1.11278
2023-07-21T20:19:35.000000000Z,1,1.11270,1.11270,1.11270,1.11270,1.11261,1.11261,1.11261,1.11261,1.11278,1.11278,1.11278,1.11278
2023-07-21T20:19:40.000000000Z,1,1.11269,1.11269,1.11269,1.11269,1.11260,1.11260,1.11260,1.11260,1.11278,1.11278,1.11278,1.11278
2023-07-21T20:19:50.000000000Z,1,1.11270,1.11270,1.11270,1.11270,1.11261,1.11261,1.11261,1.11261,1.11278,1.11278,1.11278,1.11278
2023-07-21T20:19:55.000000000Z,1,1.11269,1.11269,1.11269,1.11269,1.11260,1.11260,1.11260,1.11260,1.11278,1.11278,1.11278,1.11278
2023-07-21T20:20:00.000000000Z,2,1.11272,1.11272,1.11270,1.11270,1.11263,1.11263,1.11261,1.11261,1.11280,1.11280,1.11279,1.11279
2023-07-21T20:21:10.000000000Z,5,1.11268,1.11270,1.11266,1.11269,1.11259,1.11261,1.11257,1.11260,1.11277,1.11278,1.11275,1.11278
2023-07-21T20:21:15.000000000Z,1,1.11268,1.11268,1.11268,1.11268,1.11260,1.11260,1.11260,1.11260,1.11277,1.11277,1.11277,1.11277
2023-07-21T20:21:20.000000000Z,4,1.11267,1.11268,1.11267,1.11268,1.11259,1.11260,1.11259,1.11259,1.11275,1.11277,1.11275,1.11276
2023-07-21T20:21:25.000000000Z,1,1.11267,1.11267,1.11267,1.11267,1.11258,1.11258,1.11258,1.11258,1.11276,1.11276,1.11276,1.11276
2023-07-21T20:21:30.000000000Z,1,1.11266,1.11266,1.11266,1.11266,1.11258,1.11258,1.11258,1.11258,1.11275,1.11275,1.11275,1.11275
2023-07-21T20:21:55.000000000Z,3,1.11267,1.11267,1.11266,1.11267,1.11259,1.11259,1.11258,1.11259,1.11275,1.11275,1.11275,1.11275
2023-07-21T20:22:00.000000000Z,1,1.11268,1.11268,1.11268,1.11268,1.11259,1.11259,1.11259,1.11259,1.11276,1.11276,1.11276,1.11276
2023-07-21T20:22:05.000000000Z,2,1.11264,1.11266,1.11264,1.11266,1.11257,1.11258,1.11257,1.11258,1.11272,1.11275,1.11272,1.11275
2023-07-21T20:22:15.000000000Z,2,1.11265,1.11266,1.11265,1.11266,1.11256,1.11257,1.11256,1.11257,1.11274,1.11274,1.11274,1.11274
2023-07-21T20:22:50.000000000Z,3,1.11274,1.11274,1.11273,1.11274,1.11266,1.11266,1.11265,1.11266,1.11281,1.11283,1.11281,1.11283
2023-07-21T20:22:55.000000000Z,2,1.11274,1.11274,1.11274,1.11274,1.11266,1.11266,1.11265,1.11265,1.11282,1.11283,1.11282,1.11283
2023-07-21T20:23:00.000000000Z,3,1.11274,1.11274,1.11273,1.11273,1.11266,1.11266,1.11264,1.11264,1.11283,1.11283,1.11281,1.11282
2023-07-21T20:23:05.000000000Z,2,1.11273,1.11273,1.11273,1.11273,1.11265,1.11265,1.11264,1.11264,1.11281,1.11282,1.11281,1.11282
2023-07-21T20:23:15.000000000Z,1,1.11273,1.11273,1.11273,1.11273,1.11265,1.11265,1.11265,1.11265,1.11281,1.11281,1.11281,1.11281
2023-07-21T20:23:25.000000000Z,5,1.11274,1.11278,1.11274,1.11276,1.11266,1.11270,1.11266,1.11268,1.11281,1.11286,1.11281,1.11285
2023-07-21T20:23:30.000000000Z,4,1.11278,1.11279,1.11278,1.11278,1.11269,1.11271,1.11269,1.11270,1.11287,1.11287,1.11287,1.11287
2023-07-21T20:23:35.000000000Z,1,1.11278,1.11278,1.11278,1.11278,1.11269,1.11269,1.11269,1.11269,1.11287,1.11287,1.11287,1.11287
2023-07-21T20:23:40.000000000Z,3,1.11279,1.11279,1.11278,1.11278,1.11271,1.11271,1.11269,1.11269,1.11287,1.11287,1.11287,1.11287
2023-07-21T20:23:50.000000000Z,4,1.11278,1.11279,1.11278,1.11279,1.11270,1.11271,1.11269,1.11271,1.11287,1.11287,1.11287,1.11287
2023-07-21T20:23:55.000000000Z,2,1.11278,1.11278,1.11278,1.11278,1.11270,1.11270,1.11269,1.11269,1.11287,1.11287,1.11287,1.11287
2023-07-21T20:24:00.000000000Z,4,1.11280,1.11280,1.11278,1.11278,1.11273,1.11273,1.11269,1.11270,1.11288,1.11288,1.11287,1.11287
2023-07-21T20:24:05.000000000Z,2,1.11278,1.11279,1.11278,1.11279,1.11269,1.11271,1.11269,1.11271,1.11287,1.11287,1.11287,1.11287
2023-07-21T20:24:10.000000000Z,6,1.11278,1.11281,1.11278,1.11280,1.11270,1.11274,1.11270,1.11273,1.11287,1.11288,1.11286,1.11287
2023-07-21T20:24:20.000000000Z,3,1.11281,1.11281,1.11280,1.11281,1.11274,1.11274,1.11273,1.11274,1.11288,1.11288,1.11287,1.11288
2023-07-21T20:24:25.000000000Z,2,1.11280,1.11281,1.11280,1.11281,1.11273,1.11274,1.11273,1.11274,1.11288,1.11288,1.11288,1.11288
2023-07-21T20:24:50.000000000Z,3,1.11282,1.11283,1.11281,1.11281,1.11275,1.11276,1.11274,1.11274,1.11290,1.11290,1.11288,1.11288
2023-07-21T20:25:00.000000000Z,1,1.11280,1.11280,1.11280,1.11280,1.11272,1.11272,1.11272,1.11272,1.11288,1.11288,1.11288,1.11288
2023-07-21T20:25:05.000000000Z,6,1.11282,1.11282,1.11280,1.11280,1.11274,1.11274,1.11272,1.11272,1.11289,1.11289,1.11288,1.11288
2023-07-21T20:25:10.000000000Z,4,1.11282,1.11282,1.11280,1.11281,1.11274,1.11274,1.11272,1.11273,1.11289,1.11289,1.11288,1.11289
2023-07-21T20:25:15.000000000Z,6,1.11282,1.11286,1.11281,1.11286,1.11275,1.11278,1.11273,1.11278,1.11290,1.11295,1.11289,1.11295
2023-07-21T20:25:20.000000000Z,1,1.11286,1.11286,1.11286,1.11286,1.11277,1.11277,1.11277,1.11277,1.11295,1.11295,1.11295,1.11295
2023-07-21T20:25:25.000000000Z,3,1.11286,1.11286,1.11285,1.11286,1.11277,1.11277,1.11277,1.11277,1.11294,1.11295,1.11293,1.11295
2023-07-21T20:25:35.000000000Z,3,1.11286,1.11286,1.11285,1.11285,1.11277,1.11277,1.11277,1.11277,1.11294,1.11295,1.11293,1.11293
2023-07-21T20:25:40.000000000Z,1,1.11289,1.11289,1.11289,1.11289,1.11280,1.11280,1.11280,1.11280,1.11298,1.11298,1.11298,1.11298
2023-07-21T20:25:45.000000000Z,2,1.11290,1.11290,1.11288,1.11288,1.11281,1.11281,1.11280,1.11280,1.11298,1.11298,1.11296,1.11296
2023-07-21T20:26:00.000000000Z,2,1.11288,1.11288,1.11287,1.11287,1.11281,1.11281,1.11278,1.11278,1.11296,1.11296,1.11296,1.11296
2023-07-21T20:26:05.000000000Z,2,1.11285,1.11286,1.11285,1.11286,1.11277,1.11277,1.11277,1.11277,1.11293,1.11294,1.11293,1.11294
2023-07-21T20:26:10.000000000Z,1,1.11286,1.11286,1.11286,1.11286,1.11277,1.11277,1.11277,1.11277,1.11295,1.11295,1.11295,1.11295
2023-07-21T20:26:15.000000000Z,3,1.11284,1.11284,1.11282,1.11284,1.11276,1.11276,1.11274,1.11274,1.11293,1.11293,1.11291,1.11293
2023-07-21T20:26:20.000000000Z,2,1.11284,1.11284,1.11284,1.11284,1.11275,1.11275,1.11275,1.11275,1.11292,1.11293,1.11292,1.11293
2023-07-21T20:26:25.000000000Z,2,1.11284,1.11284,1.11284,1.11284,1.11275,1.11275,1.11275,1.11275,1.11292,1.11293,1.11292,1.11293
2023-07-21T20:26:30.000000000Z,1,1.11282,1.11282,1.11282,1.11282,1.11274,1.11274,1.11274,1.11274,1.11291,1.11291,1.11291,1.11291
2023-07-21T20:26:35.000000000Z,2,1.11284,1.11284,1.11284,1.11284,1.11276,1.11276,1.11276,1.11276,1.11291,1.11293,1.11291,1.11293
2023-07-21T20:26:40.000000000Z,1,1.11286,1.11286,1.11286,1.11286,1.11278,1.11278,1.11278,1.11278,1.11294,1.11294,1.11294,1.11294
2023-07-21T20:26:45.000000000Z,3,1.11284,1.11286,1.11284,1.11286,1.11277,1.11278,1.11277,1.11278,1.11292,1.11295,1.11292,1.11294
